1732 2951
305 244 399 276 xvi
692 227 1230 277 PRAEFATIO.

307 339 450 380 Partis
475 340 584 380 sexti
617 341 751 381 Tomi
781 355 883 380 cum
917 339 1115 380 eiusdem
1157 336 1462 397 Wesselingii
1489 339 1535 380 in
1568 337 1624 381 il·—

306 414 386 454 lud
408 412 886 452 Animadversionibus
908 410 1254 464 repraesentavi.
1293 413 1466 452 Vellem
1490 411 1624 452 etiam

305 502 427 529 nune
447 486 661 527 continuo
693 483 901 524 comitem
922 482 1027 522 huic
1049 482 1269 522 Herodoti
1292 484 1491 524 Editioni
1514 487 1621 525 dare

305 558 550 614 potuissem
581 554 792 599 Leaeicon
818 554 1170 605 Herodoteum,
1205 553 1252 592 in
1290 568 1379 605 quo
1406 555 1624 597 instruen-

306 635 367 673 do
405 631 493 671 iam
531 643 555 670 a
588 627 804 682 plusculis
844 626 950 667 inde
991 626 1120 667 annis
1163 640 1344 679 operam
1382 627 1622 681 collocavi,

305 703 495 760 sed‘cui
532 701 804 742 elaborando
838 698 1204 752 perficiendoque
1241 701 1297 739 ad
1338 701 1459 740 hunc
1501 700 1623 740 diem

306 776 449 817 defuit
479 774 636 815 otium.
666 772 799 826 Quod
827 771 864 811 si
889 778 931 811 et
963 771 1052 811 vita
1085 779 1127 811 et
1161 772 1361 825 eorporis
1390 771 1622 824 animique

304 846 559 891 suffecerint
594 843 735 896 vires,
778 842 942 896 poterit
973 844 1113 896 illud,
1155 842 1387 883 interiecto
1420 844 1622 896 quodam

304 918 519 973 temporis
543 915 712 970 spatio,
730 914 969 967 separatim
992 914 1039 954 in
1058 916 1205 955 lucem
1227 916 1393 956 emitti:
1417 930 1530 968 quae
1553 930 1622 958 res

304 991 455 1034 multis
472 987 691 1030 Herodoti
711 986 970 1027 Leotoribus
988 999 1041 1027 eo
1064 986 1200 1026 etiam
1222 987 1408 1043 gratior,
1431 995 1479 1028 ut
1498 987 1621 1040 equi-

304 1067 404 1106 dem
429 1061 621 1103 eoniicio
637 1091 648 1112 ,
675 1059 757 1100 erit
784 1058 955 1112 futura,
980 1059 1194 1110 quoniam
1217 1061 1370 1100 eadem
1396 1062 1506 1100 haec
1527 1061 1622 1100 vel-

303 1136 370 1177 uti
393 1132 549 1179 Clavis
565 1133 866 1178 Herodocea,
888 1145 1021 1184 quam
1040 1131 1252 1183 meditor,
1271 1133 1326 1171 ad
1347 1145 1502 1172 omnes
1518 1134 1623 1172 Mu-

302 1223 452 1255 sarum
471 1205 723 1256 Editiones,
745 1217 859 1256 quac
875 1203 981 1242 inde
997 1216 1022 1242 a
1041 1201 1415 1257 Iungermaniana
1440 1203 1624 1256 prodie-

302 1287 434 1334 runt,
462 1278 650 1334 perinde
683 1275 764 1316 erit
791 1276 1143 1315 adcommodata.
1187 1274 1353 1329 Igitur,
1384 1281 1623 1328 postquam

304 1362 346 1396 ct
372 1349 558 1407 probari
586 1347 794 1389 studiosis
816 1346 1078 1387 hominibus
1099 1346 1361 1386 intellexero
1383 1349 1501 1388 hanc
1521 1361 1627 1401 ope-

303 1442 400 1469 ram
436 1425 582 1465 adhuc
618 1435 643 1460 a
680 1419 809 1460 nobis
846 1421 1081 1460 Herodoto
1120 1419 1392 1472 impensam,
1429 1427 1471 1459 et
1506 1426 1623 1473 post-

302 1511 442 1551 quam
476 1494 557 1549 (id
594 1493 719 1544 quod
741 1492 906 1531 factum
922 1491 979 1530 iri
1001 1490 1134 1543 cupio
1165 1489 1423 1544 speroque)
1451 1493 1506 1530 de
1526 1491 1618 1537 his,

305 1583 418 1623 quae
439 1567 487 1606 in
518 1565 746 1605 tractando
773 1564 856 1603 hoc
880 1563 1105 1616 Scriptore
1131 1563 1299 1603 melius.
1317 1577 1345 1602 a
1376 1577 1447 1603 me
1480 1562 1625 1603 admi-

303 1638 485 1682 nistrari
506 1638 778 1681 debuerant,
813 1648 839 1674 a
867 1636 1009 1675 doctis
1038 1634 1156 1676 Viris
1186 1634 1314 1674 fuero
1342 1635 1624 1686 admonitus3

302 1721 410 1753 tunc
430 1709 636 1763 quidem,
662 1709 786 1746 Bono
809 1720 909 1745 eum
930 1708 1051 1757 Deo,
1080 1705 1285 1746 ultimam
1306 1705 1374 1745 illi
1398 1706 1523 1758 operi
1546 1707 1624 1746 ad-

303 1785 440 1824 iicere
476 1793 658 1821 manum
698 1778 934 1828 constitui,
968 1776 1054 1817 nisi
1086 1777 1267 1829 interim
1303 1784 1379 1817 aut
1409 1776 1623 1829 Schaefe-

305 1871 420 1901 rus,
454 1852 535 1894 Vir
563 1849 843 1891 doctissimus
881 1849 1363 1904 diligentis-simusque,
1398 1850 1620 1902 promisso

302 1926 469 1970 steterit
498 1924 587 1964 iam
614 1931 715 1962 ante
742 1924 823 1962 hos
854 1922 1046 1962 sedecim
1079 1936 1221 1962 annos
1256 1921 1302 1960 in
1336 1921 1620 1962 praefatione

303 1998 568 2053 splendidae
607 1993 826 2034 Editionis
869 1993 1090 2034 Herodoti
1128 1993 1416 2046 interposito,
1458 2002 1533 2034 aut
1563 1996 1619 2036 ab

302 2071 393 2112 alio
437 2067 612 2108 erudito
650 2065 758 2106 Viro
800 2065 1031 2118 provincia
1074 2068 1186 2106 haec
1219 2065 1353 2105 suerit
1394 2057 1622 2119 occupata.

303 2142 437 2198 Quod
468 2139 505 2179 si
540 2136 668 2177 nobis
700 2136 935 2190 eontigerit
964 2144 1011 2176 ut
1039 2138 1235 2177 Lexicon
1255 2137 1373 2177 istud
1402 2137 1448 2176 in
1473 2139 1621 2178 lucem

303 2213 505 2254 emittere
537 2210 688 2261 liceat,
720 2209 956 2249 transferre
983 2210 1029 2249 in
1057 2210 1170 2250 illud
1204 2209 1406 2261 decrevi,
1438 2209 1620 2261 suisque

301 2285 498 2326 inserere
544 2280 679 2332 locis,
723 2280 945 2332 quidquid
997 2280 1196 2321 continet
1245 2279 1622 2336 W‘esselingianae

302 2354 491 2398 editioni
522 2353 718 2393 adiectus
740 2351 889 2391 Index·
918 2353 1103 2392 Voeum
1126 2361 1170 2393 et
1190 2351 1474 2393 Dietionum
1490 2367 1624 2409 grae·

303 2436 467 2464 carum
489 2421 543 2459 de
563 2418 726 2470 quibus
747 2416 797 2458 in
817 2418 1229 2459 Adnotatiom'bus
1247 2426 1479 2471 tractatur,
1503 2432 1623 2458 com-

302 2490 526 2540 modeque
553 2484 687 2526 adiici
713 2484 879 2538 poterit
903 2485 1055 2526 ludex
1084 2493 1293 2526 velerum
1318 2483 1622 2539 Scriptorum
