1732 2951
458 235 999 286 PRAEFATIO.

70 348 176 406 psit
215 364 244 389 a
283 348 404 390 viris
446 347 736 390 doctissimis
775 352 959 389 Menoto
995 355 1041 389 et
1084 349 1299 389 Geinozio
1332 365 1389 390 ea.-

81 415 233 458 tribus
267 414 442 474 Regiae
467 414 790 457 Bibliothecae
823 413 1103 457 membranis
1134 414 1185 456 in
1214 415 1390 472 margi-

78 498 157 524 nes
200 481 399 536 eccempli
445 480 738 523 Gronoviani
773 484 977 527 collata,
1019 483 1101 522 secl
1134 480 1390 535 parciore,

78 564 216 603 quam
249 563 568 602 speraveram,
599 563 774 588 manu.-
809 550 959 588 multa
988 546 1180 601 quippe,
1217 546 1390 588 levissi-

79 613 146 656 mi
188 612 440 662 momenti,
485 614 646 655 sordes
697 621 742 654 et
789 612 1087 667 quisquillias
1133 614 1389 666 opinatus,

76 681 230 722 sciens
267 683 512 734 volensque
542 678 876 733 praeterierat.
942 679 1076 720 Isinc
1117 696 1216 720 mea
1254 682 1390 737 longe

78 746 375 801 discrepabat
411 737 658 788 sententia.
706 744 904 788 Clariss.
944 749 999 786 D.
1038 746 1388 798 Ruhnkenium,

79 812 298 855 Lutetiae
327 811 634 854 Parisiorum
662 810 933 853 studiorum
967 827 1135 852 caussa
1164 820 1262 852 tum
1289 828 1389 853 mo-

80 888 287 932 rantem,
321 875 497 920 litteris
532 879 716 918 adduco
752 885 797 918 et
834 893 1075 934 expugno,
1117 886 1169 918 ut
1202 894 1254 918 ea
1293 876 1389 919 usi-

83 947 166 987 bus
197 943 308 986 meis
344 959 400 985 ne
430 952 669 1001 negentur.
719 946 922 985 Factum
954 952 1023 984 est
1053 944 1237 1001 egregio
1270 944 1388 985 ami-

83 1011 263 1054 cissimi
294 1009 393 1052 viri
425 1012 631 1052 candore
660 1019 705 1051 et
736 1008 923 1051 auxilio
938 1040 953 1057 A,
988 1013 1117 1063 quod
1144 1020 1388 1065 tantopere

81 1077 426 1126 desiderabam,
460 1079 549 1118 hoc
578 1076 719 1118 etiam
756 1075 1015 1124 monentis,
1051 1076 1257 1117 codicem
1281 1077 1389 1132 pri-

1325 257 1378 288 >41

84 1212 127 1250 in
141 1213 375 1250 exhibendis
393 1212 646 1249 variantibus
660 1213 713 1248 Ie-

83 1269 304 1313 monibus,
344 1281 466 1316 quam
504 1268 713 1316 integerri-

84 1337 191 1360 mam
211 1324 432 1360 arbitratus
454 1322 613 1367 fuisset‚
638 1323 713 1358 du-

85 1380 216 1416 bitare
249 1379 407 1415 tandein
445 1390 483 1414 se
519 1378 712 1426 coepisse,

87 1447 216 1483 quum
244 1434 406 1470 vidisset
436 1446 558 1481 prope
590 1435 712 1470 finem

88 1490 218 1538 operis
243 1489 342 1536 (lib.
377 1490 445 1525 lx.
475 1502 559 1537 cap.
597 1487 712 1535 120.)

87 1544 212 1581 codici
244 1544 339 1580 huic
364 1544 517 1579 adstrui
541 1544 713 1592 seriptu-

91 1595 450 1646 ram'Hymza-owfq),
487 1612 558 1647 pro
586 1606 714 1647 Πρωτε-

89 1658 184 1703 σίλεῳ
210 1654 316 1702 quod
343 1654 402 1689 ibi
431 1653 473 1688 in
496 1654 628 1690 codiee
656 1655 713 1689 le-

88 1710 211 1758 gitur.
271 1710 360 1755 Quo
399 1710 484 1744 loeo
525 1709 711 1757 equidem

89 1776 245 1801 caussae
272 1764 541 1800 defensionem
571 1766 715 1801 Grono-

87 1823 135 1856 vii
151 1821 340 1855 hactenus
355 1819 553 1867 suscipere
571 1820 691 1855 debeo
705 1847 714 1863 ‚

89 1881 136 1911 ut
160 1886 366 1918 moneam,
394 1888 472 1910 non
496 1876 640 1911 diserte
667 1875 714 1910 il-

90 1930 177 1965 lum
200 1929 325 1965 codici
352 1930 449 1966 huie
470 1930 712 1978 scripturam

90 1984 312 2032 Πρωτεσιλάῳ
349 1985 611 2028 adstruxisse3
653 1998 715 2021 so-

91 2039 299 2075 lummodo
315 2039 503 2076 intactam
520 2067 527 2075 .
550 2041 713 2089 qualem

92 2094 315 2142 superiores
345 2095 536 2132 dederant
569 2096 714 2132 editio—

93 2161 177 2193 nes,
200 2149 429 2197 reliquisse,
457 2164 585 2198 quum
606 2151 714 2187 codi-

90 2204 144 2240 cis
177 2204 355 2240 hocloco
389 2206 586 2254 scriptura
620 2206 697 2241 dili

89 2259 264 2308 gentiam
310 2260 437 2307 ipsius
475 2262 715 2297 observatio-

91 2326 265 2362 nemque
311 2315 524 2365 effugisset.
584 2319 684 2354 Nam
705 2344 714 2361 ,

90 2369 196 2417 quod
217 2369 388 2407 cuilibet
407 2372 470 2407 vel
489 2371 716 2408 doctissimo

90 2424 481 2474 diligentissimeque
498 2426 653 2462 homini
671 2427 713 2462 in

94 2480 340 2517 conserendis
373 2481 539 2518 vetustis
567 2482 716 2518 codici-

92 2534 165 2570 bus
196 2535 370 2573 accidere
401 2537 523 2582 solet7
557 2544 601 2574 ut
634 2551 714 2574 non

760 1212 926 1248 leviores
939 1212 1071 1248 solum
1086 1239 1096 1257 ‚
1111 1224 1251 1248 verum
1266 1213 1388 1249 etiam

760 1267 924 1303 maioris
964 1268 1159 1303 momenti
1197 1268 1389 1304 differen-

761 1323 839 1359 tiae
870 1322 996 1359 aciem
1032 1324 1119 1359 eius
1150 1324 1390 1360 observatio-

760 1390 935 1426 nemque
946 1379 1118 1414 subinde
1131 1385 1390 1426 praetereant,

761 1434 799 1469 id
823 1446 893 1469 nec
921 1433 1075 1470 mirum
1097 1440 1175 1477 est,
1202 1447 1273 1470 1100
1301 1435 1389 1470 0111-

762 1502 806 1536 pa
814 1489 848 1524 ri
864 1489 909 1524 ad
917 1489 1004 1524 mod
1014 1503 1081 1525 um
1095 1490 1221 1533 debet,
1233 1489 1264 1526 si
1281 1489 1389 1526 idem

761 1545 836 1581 Iac.
871 1546 1053 1581 Gronovio
1092 1545 1262 1587 accidit3
1313 1545 1387 1594 qui

762 1600 995 1647 praesertim
1024 1600 1231 1636 ardentior
1266 1600 1389 1636 etiam

763 1661 859 1690 tunc
880 1654 1039 1691 iuvenis
1063 1655 1235 1692 codicem
1260 1655 1387 1691 illum

762 1710 983 1746 Florentiae
1002 1724 1082 1746 11011
1109 1722 1179 1759 per
1198 1710 1327 1746 otium
1345 1710 1389 1746 in

760 1777 897 1801 museo
920 1778 991 1802 suo
1008 1771 1192 1813 potuerat
1211 1771 1390 1810 tractare,

761 1820 823 1856 sed
850 1820 892 1855 in
922 1820 1006 1868 ipsa
1034 1821 1304 1857 Laurentiana
1327 1821 1389 1856 bi-

759 1875 973 1916 bliotheca,
988 1877 1062 1912 suh
1078 1876 1205 1912 oculis
1220 1877 1390 1924 [11110111-

760 1931 954 1967 bliotheca
963 1931 1015 1967 rii
1033 1958 1041 1976 ,
1057 1938 1212 1967 coactus
1225 1939 1309 1968 erat
1322 1945 1389 1968 1-11-

760 1992 916 2031 emere,
942 1998 1113 2035 suasque
1136 1999 1156 2022 0
1177 1987 1300 2035 spisso
1322 2001 1387 2024 vo-

761 2041 921 2077 lumine
955 2042 1114 2078 notulas
1150 2042 1205 2078 ita
1238 2043 1388 2091 raptim

760 2110 806 2132 ac
832 2097 961 2133 veluti
986 2097 1137 2133 cursim
1166 2109 1388 2146 excerpere.

762 2153 850 2199 Quo
876 2153 1000 2202 magis
1024 2152 1092 2188 illi
1120 2153 1298 2189 accidere
1323 2154 1389 2190 de-

762 2207 875 2252 buit7
905 2206 1037 2256 (quod
1071 2221 1151 2244 non
1172 2210 1317 2254 semel,
1344 2214 1390 2245 ut

761 2262 1392 2311 &indimus-sedpluribusinlo-

761 2317 816 2353 cis
829 2318 1389 2366 observaremihivisussum)

764 2378 810 2408 ut
841 2375 981 2420 probas
1002 2374 1146 2421 passim
1169 2374 1313 2410 codicis
1335 2376 1389 2409 le-

762 2428 910 2466 ctiones
931 2429 1111 2478 fugiente
1138 2430 1254 2464 oculo
1277 2441 1390 2476 prae-

764 2483 924 2529 teriret,
961 2490 1034 2520 aut
1067 2484 1238 2519 subinde
1273 2484 1388 2519 aliud

764 2544 910 2575 temere
931 2552 1002 2587 pro
1021 2539 1104 2574 alio
1126 2539 1169 2574 in
1197 2539 1390 2588 excerptis
