1732 2951
471 215 1053 266 PRAEFATIO.
1287 233 1421 265 xxxv

170 336 273 375 PRA
286 344 380 372 1:1⁸1:
393 345 420 371 R
440 336 631 382 quatuor
649 328 756 370 istos
773 328 976 382 Codices,
994 328 1184 385 integras
1205 329 1428 373 Herodoti

115 402 264 442 Musas
303 397 583 450 exhibentes,
618 395 758 437 nostri
789 410 936 437 caussa
965 395 1085 436 idem
1116 404 1266 437 noster
1298 399 1431 437 sedu-

117 469 187 507 lus
206 463 521 506 Parisiensium
544 463 754 503 codicum
775 464 1030 515 speculator
1045 462 1278 504 Lectiones
1298 463 1433 504 etiam

119 546 316 585 quasque
336 530 554 572 notabiles
586 545 639 570 ex
669 528 833 570 Codice
866 531 975 584 Reg.
1003 543 1162 570 MCDV.
1189 530 1432 585 excerpsit,

121 612 211 651 quo
233 597 385 639 multis
413 611 514 637 cum
542 595 641 636 aliis
670 597 942 635 Graecorum
975 595 1149 648 scriptis
1181 596 1436 638 continetur

120 679 222 719 pars
248 664 421 718 primae
448 666 600 703 Musae
631 662 935 713 Herodoteae,
974 675 999 701 a
1028 676 1122 715 cap.
1158 679 1192 703 1.
1221 664 1434 715 usquein

121 731 321 770 medium
347 744 439 782 cap.
466 731 531 780 87.
558 728 814 767 Admodum
839 727 1022 779 quidem
1053 742 1205 769 recens
1235 729 1271 770 is
1295 732 1435 770 codex

125 804 210 850 est,
242 811 375 849 quem
402 808 483 834 nos
514 795 619 833 nota
645 791 807 834 Paris.
827 795 883 834 E.
911 793 1006 833 sive
1028 794 1110 834 Pe.
1133 794 1437 836 distinximus:

125 870 187 915 at,
221 877 333 914 quae
361 861 543 913 quidem
575 860 653 900 ille
685 862 941 900 Herodotea
969 861 1176 914 exhibet,
1209 876 1259 902 ea
1280 877 1302 902 e
1329 878 1436 917 pro-

125 929 351 969 batissimo
380 937 529 968 vetere
550 928 703 968 codice
733 927 953 981 descripta
984 941 1076 968 esse
1106 930 1314 983 cognovi.

182 1072 477 1117 ΒΕΝΙρσΕ,
511 1084 645 1122 quem
691 1067 1031 1125 Wesselingius
1073 1068 1119 1108 in
1157 1070 1441 1112 praefatione

127 1136 498 1177 commemoravit
539 1136 749 1176 Codicem
787 1136 835 1175 in
882 1135 1207 1176 Bibliothecam
1250 1138 1443 1191 Regiam

126 1203 368 1244 novissime
397 1203 599 1256 illatum,
634 1218 724 1256 quo
752 1218 808 1243 ecc
839 1201 1083 1244 Herodoti
1112 1201 1269 1244 Musis
1291 1205 1445 1262 Frag-

128 1277 284 1310 menta
309 1270 439 1310 haud
456 1285 617 1323 pauca
644 1271 705 1310 ait
732 1269 975 1322 contineri,
1018 1269 1142 1309 cuius
1171 1269 1249 1309 ille
1277 1270 1442 1322 passim

131 1336 267 1375 etiam
305 1336 541 1389 scripturas
576 1337 622 1375 in
662 1337 780 1377 Var.
810 1336 939 1376 Lecl.
979 1335 1204 1386 laudavit,
1245 1336 1447 1377 eiusdem

132 1402 306 1442 Codicis
333 1403 381 1442 in
418 1418 547 1443 usum
584 1411 758 1444 nostrae
799 1403 1009 1444 editionis
1047 1403 1325 1456 excutiendi,
1366 1418 1447 1456 per

93 1471 99 1481 ‘
131 1467 281 1508 Hasz'i
296 1469 390 1509 Viri
412 1469 641 1509 clarissimi
657 1470 1018 1510 benevolentiam
1035 1501 1046 1522 ,
1081 1484 1342 1524 graecorum
1363 1473 1447 1511 Re-

132 1535 230 1590 giae
252 1535 551 1576 Bibliothecae
572 1537 787 1577 Codicum
817 1545 1055 1578 msstorum
1084 1539 1347 1590 Custodem,
1373 1552 1447 1578 co-

133 1600 211 1654 pia
238 1601 349 1641 facta
376 1610 437 1642 est
457 1603 576 1644 Lud.
605 1604 757 1644 Henr.
786 1605 996 1660 Heylero
1026 1605 1237 1657 nostrati,
1269 1606 1445 1644 erudito

136 1666 310 1720 iuveui,
342 1670 589 1709 studiorum
615 1685 762 1711 caussa
789 1671 965 1711 Parisiis
994 1677 1098 1710 tunc
1123 1671 1344 1710 versanti:
1371 1671 1450 1722 qui

136 1733 358 1786 quidquid
388 1736 461 1776 hic
490 1739 638 1776 Codex
666 1739 955 1794 Eclogczrum
985 1736 1183 1776 continet
1214 1752 1266 1777 ex
1293 1738 1450 1778 I-Iero—

137 1798 241 1840 doci
279 1800 435 1843 Musis
465 1811 789 1857 excerpt-arum,
821 1805 868 1844 id
904 1819 1005 1844 cum
1038 1806 1242 1858 exemplo
1279 1806 1448 1845 W‘esse-

137 1867 340 1921 lingiano
373 1869 608 1924 diligenter
640 1870 853 1923 contulit,
886 1870 1270 1923 discrepantesque
1297 1873 1449 1911 adme

139 1934 379 1974 transmisit
410 1935 654 1976 Lectiones.
696 1936 830 1976 Cuius
869 1936 1033 1976 codicis
1066 1936 1280 1976 lectiones
1319 1936 1451 1977 sicuti

140 2012 165 2037 a
193 1999 502 2058 Wesselingio
531 2001 578 2040 in
613 2003 664 2043 V
661 2017 731 2042 ar.
759 2004 885 2042 Lecl.
905 2004 987 2042 hac
1012 2004 1119 2042 nota
1142 2004 1332 2059 Fragm.
1354 2005 1450 2044 Pa-

141 2062 226 2105 ris.
261 2065 487 2107 distinctae
521 2074 644 2121 sunt,
688 2068 750 2108 sic
792 2076 834 2108 et
872 2082 980 2121 nos,
1028 2069 1172 2109 sicubi
1209 2072 1450 2112 nonnullas

141 2134 588 2174 commemoravimus
620 2136 674 2174 ab
709 2134 790 2174 illo
825 2135 1080 2188 praeteritas
1111 2141 1187 2176 aut
1214 2139 1450 2189 paululum

140 2200 196 2238 ab
227 2199 295 2239 his
329 2214 435 2251 quas
466 2200 543 2240 ille
578 2200 775 2240 ediderat
808 2202 1127 2256 discrepantes,
1160 2205 1317 2244 eadem
1344 2207 1451 2243 nota

141 2271 218 2304 aut
240 2265 437 2305 breviori
458 2268 543 2306 hac
565 2265 644 2321 Pf.
671 2266 999 2322 insignivimus.

198 2405 340 2457 Quem
377 2403 597 2446 Codicem
635 2406 740 2446 nota
768 2408 823 2447 F.
851 2407 1054 2453 distinxi,
1090 2410 1451 2448 membranaceus

143 2466 219 2507 ille
239 2474 322 2522 est,
352 2470 461 2510 olim
481 2472 762 2512 Florentinus
776 2502 788 2524 7
823 2472 946 2513 cuius
968 2487 1145 2520 usuram
1168 2475 1224 2512 ad
1242 2475 1361 2512 hunc
1382 2487 1453 2512 us-

1107 2551 1180 2578 92
