1732 2951
712 202 1293 254 PRAEFsATIO.

341 328 492 361 mum,
529 313 666 356 cuius
708 320 756 357 A.
801 315 966 359 inder,
1014 313 1220 372 ingentis
1264 332 1359 358 esse
1394 317 1577 372 pretii,
1616 325 1662 360 et

342 388 520 425 tantae,
545 381 636 422 sive
661 381 935 424 litterarum
963 383 1133 423 ductus
1155 384 1248 424 sive
1271 386 1539 426 membrana
1559 401 1660 439 spe-

337 456 550 493 ctentur,
571 447 945 502 pulcritudinis,
978 457 1031 489 ut
1055 447 1138 489 vix
1164 448 1315 493 alius,
1333 451 1522 504 quicum
1547 467 1660 493 con·

328 513 507 566 parari
528 513 686 567 possit
704 545 714 559 ‚
737 513 1020 555 inveniatur.
1050 516 1294 556 Debentur
1321 514 1524 558 eiusdem
1543 521 1659 572 Cap-

336 579 565 631 pcronerii
609 581 757 621 bonae
799 578 1042 621 voluntati
1084 589 1305 635 excerpta
1344 597 1403 622 ex
1447 583 1658 631 schedis,

334 647 491 685 seculo
524 661 617 687 XV.
646 646 886 693 emat-acis,
924 646 1208 688 monasterii
1241 650 1282 688 S.
1317 649 1513 704 Remigii
1549 663 1656 690 con-

334 713 605 767 gregationis
625 716 666 754 S.
698 714 844 754 Mauri
877 714 923 753 in
947 714 1150 767 Francia,
1167 713 1362 768 priores
1387 715 1481 757 duo
1505 714 1655 758 libros

335 786 380 819 et
412 777 546 819 tertii
576 796 793 835 magnam
828 789 1015 833 partem
1051 781 1324 835 conplexis:
1343 783 1388 834 †)
1421 790 1520 823 tum
1553 782 1653 825 alia

334 860 392 885 ετ
415 845 599 893 codice,
638 845 687 887 in
718 846 1063 888 Bibliothecam
1094 846 1292 905 Regiam
1324 848 1572 891 novissime
1597 849 1656 891 il-

335 914 464 955 lato,
515 911 565 952 in
606 928 696 966 quo
743 922 795 954 c‘x
835 916 913 954 IX.
954 915 1175 955 Herodoti
1221 915 1360 956 Musis
1406 916 1654 969 fragmenta

335 981 468 1020 haud
487 995 672 1033 [καιρίῃ
702 979 898 1034 (lenique
929 984 1037 1027 Λέξεες
1071 983 1249 1032 Ἡμὸέτου
1281 981 1539 1040 exsorulis
1569 982 1654 1027 Bi-

334 1043 592 1086 bliothecae
621 1047 1036 1100 Saugermanensis,
1072 1045 1276 1105 vulgatis
1307 1047 1421 1089 olim
1445 1063 1503 1089 ex
1523 1051 1652 1090 sche-

334 1109 407 1152 dis
437 1112 637 1153 Goldasti
667 1114 803 1171 longe
838 1111 1073 1154 utiliores.

340 218 425 250 XII

401 1215 529 1265 OUA
548 1229 579 1254 E
615 1213 800 1267 quidem
854 1229 959 1254 cum
1007 1213 1241 1255 laudabili
1289 1214 1500 1256 sollertis
1550 1215 1653 1257 viri

329 1279 524 1326 studio,
548 1289 753 1334 propter
781 1282 910 1334 quod
946 1279 1022 1321 illi
1044 1279 1212 1336 ‘gratia
1249 1280 1477 1327 manebit,
1514 1282 1649 1324 colli-

326 1357 579 1404 gerentur,
613 1350 895 1389 commodum
933 1349 998 1388 ad
1021 1364 1090 1389 me
1123 1347 1199 1389 ‘cir
1226 1349 1442 1390 eruditus
1476 1357 1522 1390 et
1538 1352 1651 1404 plu-

330 1411 505 1454 rimum
539 1417 810 1457 reverendus
842 1416 1061 1456 Hensicus
1097 1417 1232 1468 Gally
1250 1447 1261 1468 ‚
1291 1417 1336 1456 S.
1372 1417 1422 1455 T.
1444 1417 1527 1460 P.‚
1551 1432 1650 1457 ma-

326 1494 448 1536 gnae
489 1482 776 1523 Britanniae
811 1480 929 1540 Regi
960 1498 988 1522 a
1027 1481 1208 1529 sacris,
1239 1480 1415 1523 invisit.
1468 1482 1649 1525 Varios

332 1544 458 1586 inter
493 1545 814 1602 iucunclosque
847 1563 1082 1589 sermones
1113 1546 1305 1588 venitur
1336 1549 1401 1588 ad
1427 1549 1649 1590 Herodo-

331 1622 458 1654 tum:
490 1616 727 1655 vehemens
757 1630 879 1668 prae
911 1631 980 1655 me
1002 1613 1219 1672 ferebam
1253 1613 1534 1655 desiderium
1570 1631 1649 1657 co-

331 1679 451 1721 dicis
470 1680 837 1735 Archiepiscopi
864 1683 984 1722 Guil.
1004 1682 1227 1734 Sancroft,
1251 1681 1588 1739 Cantabrigiae
1602 1683 1647 1736 ξ“)

329 1746 578 1794 asservati,
599 1757 643 1789 et
659 1748 786 1789 Galci
807 1747 1026 1789 laudibus
1043 1749 1158 1789 adeo
1177 1749 1411 1789 celebrati.
1440 1750 1554 1788 Tum
1569 1748 1647 1790 vir

330 1816 479 1855 multo
512 1814 881 1856 humanissimus
909 1814 1104 1869 prolixe
1133 1813 1370 1856 auxilium
1393 1814 1646 1869 polliceri,

327 1931 410 1967 suis
426 1940 602 1979 poneret.
627 1935 698 1971 Sed
715 1934 960 1971 tantoetiam
1008 1934 1119 1971 nihil
1159 1934 1203 1970 in
1244 1933 1330 1970 suis
1369 1933 1524 1970 notulis
1563 1944 1645 1970 esse

329 1987 454 2036 magis
473 1989 585 2025 subit
604 1990 747 2026 mirari
762 2018 771 2033 ᾖ
792 2003 873 2038 quo
895 2004 961 2038 pa-

327 2048 405 2081 cto,
422 2057 553 2091 quum
568 2052 651 2093 post
665 2046 844 2093 amplius
859 2059 959 2093 qua-

327 2099 512 2147 draginta
540 2113 665 2136 anuos
693 2101 857 2136 demum
877 2101 960 2136 edi-

330 2153 478 2190 tionem
494 2156 679 2192 Herodoti
698 2162 794 2192 esset
807 2156 960 2204 adgres-

326 2222 412 2255 sus,
432 2223 453 2246 a
469 2223 507 2247 se
521 2211 738 2259 impetrare
758 2211 958 2259 potuerit,

329 2271 375 2301 nt
391 2292 401 2309 ‚
450 2267 793 2314 quemadmodum
844 2269 960 2304 Medi-

326 2335 423 2356 ceum
456 2322 581 2357 illum
616 2323 790 2358 codicem
818 2335 919 2372 genu
929 2323 960 2356 i-

326 2389 420 2412 nam
462 2377 616 2425 ubique
664 2385 959 2426 repraesentare

322 2434 506 2469 Herodoti
518 2433 671 2481 scriptu
680 2446 762 2469 ram
778 2433 806 2469 si
817 2434 853 2468 bi
870 2446 958 2481 per-

323 2495 521 2534 suaserat,
560 2489 617 2527 sic
646 2494 686 2526 et
713 2489 956 2534 confideret,

1008 1990 1112 2038 quin
1133 1989 1379 2026 exactissima
1403 1989 1481 2025 fide
1503 1988 1640 2037 ipsum

1008 2045 1232 2083 Mediceum
1246 2045 1480 2093 exemplum
1497 2057 1642 2093 usque-

1007 2112 1170 2150 quaque
1191 2105 1516 2148 repraesentaret.
1546 2101 1643 2137 Cae-

1008 2162 1142 2193 terum
1164 2156 1207 2191 in
1225 2158 1417 2192 Varietate
1433 2157 1617 2192 Lectionis
1630 2185 1640 2200 ,

1007 2224 1111 2259 quae
1133 2223 1215 2248 non
1242 2211 1380 2247 minus
1398 2223 1445 2247 ex
1472 2210 1639 2247 diversis

1007 2267 1286 2311 Editionibus,
1307 2279 1430 2314 quam
1451 2277 1472 2301 e
1494 2278 1639 2302 manu-

1006 2322 1167 2371 scriptis
1181 2321 1395 2360 Codicihus
1411 2347 1420 2365 ‚
1442 2321 1590 2369 partim
1615 2334 1638 2357 a

1008 2377 1280 2427 Wesselingio
1306 2376 1455 2424 partim
1477 2390 1494 2411 a
1523 2375 1638 2412 nobis

1007 2434 1172 2470 collecta
1194 2438 1272 2477 est,
1295 2434 1552 2469 Gronovianae
1565 2433 1641 2468 edi-

1005 2491 1137 2534 tionis,
1168 2488 1348 2526 camdem
1379 2489 1429 2524 ob
1457 2500 1635 2525 caussam
