1732 2951
262 236 356 296 482
618 233 1225 286 ARGUMENTUM

260 352 379 392 dona
404 365 457 393 ex
475 364 584 393 auro
609 358 650 392 et
672 357 856 406 argento
873 352 1074 404 Delphos
1095 351 1252 402 mittit;
1277 352 1375 404 (50.
1401 354 1495 404 51.)
1534 358 1580 395 et

259 406 348 448 alia
373 409 551 449 Thebas
578 409 635 447 ad
660 406 996 461 Amphiaraum.
1020 407 1144 458 (52.)
1182 409 1473 448 Oraculorum
1500 423 1580 449 an-

260 476 363 516 ceps
393 477 656 517 responsum
688 464 744 502 de
778 463 900 502 bello
926 462 1072 502 Persisv
1096 462 1346 502 inserendo.
1367 465 1462 514 (53.
1486 467 1579 515 54.)

259 518 421 559 Denuo
447 517 641 560 consulit
662 520 849 559 Croesus
883 518 938 558 de
969 517 1149 571 imperii
1177 518 1247 560 sui
1273 518 1580 560 diuturnitate.

314 574 605 670 Gssaecorum
638 628 860 681 populum
890 627 1248 681 potentissimum
1274 627 1478 670 Croesus
1505 643 1579 670 so-

257 682 378 724 cium
409 684 496 725 sibi
524 684 866 736 conciliaturus,
900 683 1066 737 reperit
1093 698 1199 737 prae
1230 684 1409 724 caeteris
1434 686 1578 725 excel-

256 739 347 780 lere
373 737 771 781 Lacedaemonios
805 746 848 779 et
868 737 1172 779 Athenienses
1185 755 1201 788 ,·
1231 740 1333 779 illos
1366 738 1575 780 IIelleni-

258 807 338 835 cae
351 794 520 848 stirpis,
536 795 760 848 principes
772 793 948 849 generis
962 791 1139 835 Dorici
1150 811 1164 841 ;
1185 797 1280 844 hos,
1301 793 1577 852 Pelasgicae

255 850 427 904 stirpis,
455 848 621 892 Ioniei
653 850 827 905 generis
861 849 1098 902 principes.
1130 850 1263 902 (56.)
1300 850 1576 891 Hellenicae

255 906 399 960 gentis
433 906 723 961 migrationes
758 904 921 945 variae.
948 902 1117 957 (ibid.)
1160 903 1353 962 Pelasgi
1387 907 1574 946 barbara

256 962 409 1017 lingua
431 961 512 1002 usi.
544 959 710 1002 Attica
725 974 833 1015 gens
851 975 902 1000 ex
916 960 1108 1016 Pelasgis
1127 963 1183 1000 ad
1205 963 1414 1001 Hellenas
1435 969 1580 1003 trans-

255 1016 329 1069 iit,
356 1016 649 1072 linguamque
673 1015 876 1056 mutavit.
893 1016 1016 1067 (57.)
1055 1018 1203 1071 Quare
1220 1015 1466 1069 plurimum
1485 1031 1575 1058 cre-

255 1072 667 1119 ve1·intHellenes;
693 1069 886 1129 Pelasgi
912 1070 1070 1111 miuus.
1096 1072 1224 1124 (58.)
1254 1069 1574 1119 Pisistratus,

256 1127 407 1168 Croesi
422 1134 561 1168 aetate
580 1127 867 1181 tyrannidem
889 1133 1181 1179 occupaverat
1200 1125 1574 1173 Atheniensium,

254 1183 303 1222 in
324 1190 408 1223 tres
432 1182 646 1224 factiones
669 1182 928 1223 scissorum:
958 1182 1085 1234 (59.)
1114 1182 1182 1222 bis
1205 1182 1387 1235 ciectus,
1407 1183 1474 1223 his
1497 1185 1574 1223 dc-

254 1251 347 1279 nuo
367 1238 607 1292 imperium
623 1237 924 1291 recuperavit:
944 1237 1158 1288 (δη-63.)
1189 1240 1360 1278 Naxum
1379 1237 1573 1278 insulam

251 1293 387 1335 armis
407 1293 600 1348 subegit3
618 1295 783 1333 Delum
801 1292 1010 1346 expiavit.
1035 1292 1164 1344 (64.)
1193 1292 1571 1345 Lacedaemonii,

251 1350 460 1390 florentes
479 1349 653 1404 legibus
688 1363 712 1388 a
734 1349 957 1406 Lycurgo
983 1347 1117 1400 datis,
1146 1347 1272 1398 (65.)
1311 1350 1433 1388 bello
1470 1363 1574 1389 cum

262 1404 473 1461 Tegeatis
498 1419 658 1458 parum
692 1418 904 1457 prospere
936 1412 1084 1457 gesto,
1121 1404 1179 1442 ad
1210 1411 1478 1456 extremum,
1504 1418 1574 1444 re-

252 1461 388 1512 pertis
404 1457 591 1501 Orestis
605 1459 790 1513 ossibus,
808 1460 1061 1512 superiores
1077 1457 1378 1499 discesserant.
1392 1461 1576 1510 (66-68.)

255 1517 427 1557 Foedus
452 1530 553 1556 cum
575 1514 946 1556 Lacedaemoniis
966 1514 1050 1554 init
1073 1514 1291 1555 Croesus.
1311 1514 1437 1569 (69.)
1468 1517 1572 1555 Cra-

254 1578 319 1611 ter
339 1573 395 1612 ab
421 1571 490 1612 his
511 1572 674 1612 Croeso
697 1570 876 1622 missus,
899 1570 1183 1623 intercipitur
1203 1584 1228 1610 a
1246 1570 1418 1610 Samiis.
1438 1569 1573 1623 (70.)

305 1626 491 1680 Sapiens
523 1626 594 1666 vir
629 1628 783 1680 Lydus
813 1626 992 1668 Croeso
1028 1626 1186 1666 frustra
1226 1625 1448 1666 dissuadet
1489 1625 1575 1666 bel-

252 1682 349 1721 lum
372 1682 590 1723 adversus
615 1683 803 1723 Persas.
830 1681 960 1733 (71.)
992 1681 1323 1735 Cappadoces,
1344 1695 1368 1721 a
1391 1681 1574 1723 Graecis

249 1735 385 1795 Syrii
404 1738 511 1778 dicti
527 1769 538 1790 ‚
567 1738 691 1791 prius
717 1737 885 1788 Medis,
910 1751 1030 1777 nunc
1050 1739 1170 1790 Cyro
1192 1739 1432 1790 parebant:
1456 1736 1571 1777 inter

251 1807 327 1833 eos
360 1800 402 1832 et
436 1793 627 1846 Lydiam
659 1793 818 1850 Halys
851 1793 1014 1833 fluvius
1050 1792 1264 1833 terminus
1301 1799 1407 1832 erat.
1445 1790 1571 1846 (72.)

251 1849 580 1901 Cappadociam
610 1849 740 1904 Cyro
768 1849 940 1901 eripere
975 1847 1138 1903 cogitat
1171 1848 1398 1894 Croesus,
1430 1857 1471 1887 et
1501 1849 1572 1887 ul-

251 1902 355 1944 cisci
382 1904 641 1961 Astyagem
668 1905 878 1955 Medum,
902 1903 1095 1944 adfinem
1121 1917 1273 1956 suum,
1313 1903 1384 1943 cui
1412 1903 1570 1960 Cyrus

250 1973 437 2013 regnum
456 1961 697 1999 ademerat.
725 1958 941 1998 Adfinitas
960 1959 1038 1999 illa
1061 1966 1281 1999 contracta
1301 1958 1441 1998 fuerat
1459 1972 1568 2011 pace

249 2013 366 2054 inter
382 2014 612 2066 utriusque
627 2023 822 2067 patrem,
836 2014 884 2056 A
887 2016 1067 2069 lyatten
1084 2024 1125 2054 et
1142 2014 1407 2072 Cyaxarem
1418 2043 1428 2058 ,
1451 2027 1569 2054 com-

249 2069 395 2122 posita
411 2078 511 2122 post
530 2072 700 2110 bellum
717 2071 774 2110 ob
790 2072 975 2122 Scythas
994 2070 1238 2124 transfugas
1258 2079 1453 2124 gestum:
1475 2082 1566 2122 quo

248 2125 370 2165 bello
399 2125 615 2165 inciderat
644 2122 768 2168 solis,
788 2122 993 2180 dejectus
1006 2154 1018 2169 ,
1038 2139 1063 2164 a
1095 2125 1282 2165 Thalete
1300 2125 1567 2177 praedictus.

246 2177 327 2237 (cf
349 2194 450 2233 cap.
485 2180 604 2234 103.)
634 2183 791 2220 Pacem
825 2179 1141 2220 conciliaverat
1172 2181 1466 2236 Labynetus,
1490 2195 1567 2221 rex

247 2236 541 2289 Babyloniae.
575 2237 668 2286 (73.
700 2236 795 2287 74.)
837 2235 1039 2275 Traiecto
1078 2236 1215 2294 IIaly
1257 2236 1479 2289 praelium
1515 2236 1566 2276 in

247 2304 356 2346 agro
393 2291 542 2330 Pterio
570 2291 687 2330 inter
711 2290 937 2332 Croesum
973 2298 1014 2331 et
1042 2291 1222 2347 Cyrum
1248 2306 1391 2343 aequo
1422 2299 1564 2332 marte

248 2346 665 2396 committitur-(75.
683 2348 774 2397 76.)
810 2348 967 2386 Sardes
988 2349 1104 2386 redit
1120 2349 1328 2395 Croesus,
1353 2346 1561 2399 proximo

248 2416 352 2441 vere
372 2404 541 2442 bellum
560 2401 951 2455 redintegraturus.
969 2404 1094 2454 (77.)
1110 2404 1175 2442 De
1195 2410 1425 2454 portentO,
1440 2404 1563 2453 quod

246 2457 458 2498 Sardibus
491 2456 673 2509 incidit,
714 2459 1011 2497 consuluntur
1039 2457 1353 2500 'relmisscnses
1390 2457 1562 2510 aruspi—

249 2526 330 2554 ces.
351 2513 481 2567 (78.)
