1732 2951
521 255 1055 305 PRAEFATIO.
1387 277 1444 306 xx

137 353 352 421 nuscri'pti
376 366 641 420 praeferant.
668 367 936 408 Rarioribus
966 374 1116 407 tamen
1146 369 1375 410 nonnullis
1398 370 1446 410 in

138 435 246 476 locis
269 433 354 487 ipsi
377 432 526 473 statim
556 433 781 473 contextui
811 433 1010 474 criticam
1044 437 1253 475 Notulam
1279 435 1447 488 placuit

137 501 379 551 subiicere3
413 499 477 539 ihi
504 500 759 552 praesertim
783 500 863 539 ubi
893 508 967 540 aut
998 515 1050 540 ex
1080 502 1332 542 coniectura
1366 503 1448 542 ali-

139 567 248 620 quid
267 567 313 606 in
343 573 547 606 contextu
570 566 763 619 positum
788 573 872 616 est,
900 567 1068 607 nullius
1091 568 1249 608 veteris
1269 569 1447 610 Codicis

139 634 399 675 auctoritate
432 633 678 686 firmatum,
720 641 794 673 aut
831 633 909 673 ubi
951 634 1149 674 diversae
1189 635 1444 689 Lectiones,

138 715 251 753 quae
283 703 337 740 de
370 699 622 753 principatu
655 699 771 739 inter
801 714 846 740 se
874 702 1142 740 contendere
1169 715 1296 753 posse
1321 702 1447 742 vide-

135 770 318 820 bantur,
351 781 442 806 non
461 769 516 806 ad
536 767 712 822 singula
734 769 866 807 verba
887 767 1007 807 idem
1032 767 1323 821 significantia
1339 800 1348 818 ‚
1370 775 1445 808 aut

136 836 194 875 ad
220 835 358 874 solam
388 835 628 873 verborum
657 833 848 873 formam
875 834 1120 887 seriemve,
1155 837 1233 874 sed
1267 836 1322 874 ad
1351 849 1444 876 rem

136 901 276 954 ipsam
300 899 657 951 sententiamque
686 900 981 953 pertinebant.

177 1035 248 1074 Po
261 1047 312 1073 ST
330 1033 486 1074 Graeci
503 1033 696 1085 exempli
714 1032 1074 1073 constitutionem
1092 1033 1296 1087 proxima
1314 1034 1444 1075 nobis

133 1112 237 1139 cura
257 1099 304 1137 in
324 1097 604 1139 Latinam
640 1099 788 1139 Vers
803 1097 858 1139 io
873 1113 995 1139 nem
1023 1099 1324 1152 impendenda
1351 1100 1443 1139 visa

131 1172 252 1216 erat3
273 1179 403 1217 quam
433 1180 456 1205 a
478 1180 523 1206 se
545 1179 686 1218 paene
714 1179 893 1217 prorsus
916 1168 1163 1220 neglectam
1187 1181 1277 1206 esse
1298 1169 1352 1205 W
1368 1181 1443 1206 Es-

131 1245 150 1272 s
165 1245 256 1271 ELI
274 1246 301 1270 N
322 1246 347 1270 c.
362 1246 376 1271 1
394 1245 419 1270 u
435 1246 454 1271 s
489 1231 556 1270 his
592 1230 739 1270 verbis
771 1231 994 1284 professus
1033 1239 1093 1272 est
1111 1247 1119 1270 :
1135 1232 1186 1283 “·)
1235 1232 1444 1271 Vallae

129 1295 333 1345 Latina,
374 1297 549 1349 inquit,
588 1296 926 1350 praeeuntium
964 1313 1093 1339 more
1132 1296 1324 1337 Graecis
1361 1299 1443 1337 acl-

130 1362 293 1411 iunxi,·
326 1379 421 1405 non
463 1363 546 1404 illa
571 1362 794 1420 profecto
835 1363 1043 1417 optima,
1076 1366 1158 1405 sed
1188 1380 1217 1404 a
1259 1362 1444 1404 clariss.

133 1428 430 1470 Gronovio
462 1427 780 1484 mzclllfariam
801 1438 1038 1487 pm‘galcz,
1066 1439 1131 1477 εἰ,
1154 1429 1309 1470 sicubi
1338 1433 1365 1470 ἐν
1393 1433 1443 1481 τῷ

130 1500 263 1547 κειμένῳ
295 1495 485 1549 aliquid
509 1495 781 1536 innovatum
802 1526 811 1539 ‚
843 1512 872 1536 α
902 1513 971 1537 me
1000 1512 1192 1551 quoque.
1238 1495 1442 1539 Maluis-

127 1578 218 1604 sem
254 1561 494 1616 equidem,
531 1571 584 1603 ut
616 1561 919 1604 suavissimus
955 1563 1178 1618 Scriplor
1212 1580 1265 1605 ea
1299 1563 1444 1604 diale-

130 1638 205 1670 cco
225 1631 281 1670 ab
302 1628 517 1670 omnibus
539 1637 794 1676 tereretur,
816 1646 906 1683 qua
927 1630 1124 1688 agnosci
1144 1630 1310 1672 voluit.
1333 1632 1442 1677 Sed,

132 1696 205 1737 uti
223 1699 429 1737 seculum
450 1704 542 1743 est,
562 1695 1094 1750 Latinapostulantm;
1126 1706 1442 1750 maneatpro-

129 1761 235 1803 inde
266 1764 353 1804 hoc
391 1764 572 1805 Catone
598 1779 690 1817 per
722 1778 792 1803 me
819 1772 1105 1805 contentum.
1135 1789 1188 1795 —
1233 1768 1326 1803 lam
1355 1763 1441 1803 fuit

127 1830 307 1882 quidem
343 1829 634 1871 Laurentius
668 1830 746 1870 ille
792 1832 936 1870 V‘alla
971 1832 1288 1885 elegantiarum
1323 1831 1442 1870 Lati-

126 1911 283 1937 narum
312 1897 519 1950 inprimis
546 1899 733 1949 callens,
762 1903 805 1936 at
828 1912 918 1938 non
947 1899 1140 1952 proinde
1168 1899 1325 1939 Graeci
1350 1914 1440 1939 ser-

127 1964 271 2004 monis
305 1963 489 2004 scientia
522 1964 745 2014 imbutus]
776 1964 900 2005 cuius
938 1965 1249 2018 adipiscendae
1288 1967 1440 2007 multis

127 2030 257 2070 etiam
279 2039 383 2071 tunc
402 2031 632 2083 subsidiis,
656 2045 771 2083 quae
792 2032 921 2072 nobis
943 2034 1024 2072 hac
1050 2041 1192 2073 aetate
1213 2034 1259 2073 in
1285 2049 1438 2087 prom-

126 2104 172 2137 tu
193 2105 316 2149 sunt,
339 2098 534 2138 destituti
555 2104 679 2138 erant
707 2098 951 2138 doctissimi
971 2099 1070 2142 viri.
1103 2103 1275 2155 Quare,
1297 2116 1438 2152 quum

125 2166 367 2205 admodum
396 2164 528 2204 etiam
559 2172 770 2218 corrupto
795 2179 899 2205 usus
925 2173 1033 2206 esset
1058 2167 1278 2207 Herodoti
1314 2168 1438 2208 codi-

127 2245 199 2282 ce,
233 2231 292 2271 ita
322 2231 592 2284 Scriptorem
624 2235 744 2272 hunc
774 2233 911 2272 latine
941 2233 1180 2285 convertit,
1212 2242 1260 2274 ut
1291 2234 1437 2275 incre-

129 2295 265 2336 dibile
295 2297 411 2337 dictu
436 2298 490 2337 sit
514 2313 647 2349 quam
682 2299 834 2344 multis
860 2299 907 2338 in
930 2300 1039 2340 locis
1072 2309 1145 2340 aut
1169 2314 1348 2352 prorsus
1377 2303 1434 2340 ab

124 2362 312 2403 auctoris
341 2372 488 2403 mente
507 2366 677 2404 aberret
700 2365 821 2405 1111113
843 2365 998 2406 Versio
1013 2398 1024 2419 7
1047 2373 1120 2406 aut
1141 2367 1199 2406 ita
1224 2367 1435 2421 ambigua

174 2480 224 2537 κ’)
254 2486 337 2523 Sub
361 2487 483 2527 finem
506 2487 779 2528 praefationis,
