1732 2951
435 220 670 268 LIBRI
719 219 1111 269 SECUNDI.
1328 223 1428 289 489

121 331 245 374 cuius
278 330 474 372 fructum
505 346 626 372 nunc
653 330 844 372 minimo
868 331 1020 371 labore
1058 323 1315 385 percipiunt
1341 334 1428 374 Ae-

171 402 182 413 *
217 386 280 426 tii.
343 405 353 426 ι
372 388 430 436 ¹.)

119 390 456 483 gJRpeseliuritur
477 444 629 494 Iones,
650 442 795 482 solum
813 442 943 481 Delta
963 439 1230 498 Aegyptum
1253 455 1346 482 esse
1365 442 1429 482 di.

122 506 280 538 centes.
310 498 405 546 (15.
432 495 524 550 16.)
564 496 691 537 Asiae
720 503 764 536 ct
796 495 970 537 Africae
1004 495 1218 536 terminus
1255 495 1430 539 Nilus:

121 552 216 592 eius
244 566 393 592 cursus
410 582 422 603 7
455 560 497 592 et
520 559 687 604 septem
714 550 838 591 ostia.
865 549 992 604 (17·)
1035 550 1215 591 Oraculi
1244 565 1429 605 respon-

121 622 242 659 sum,
275 621 511 660 quousque
527 612 694 659 pateat
711 607 968 663 Aegyptus.
988 604 1008 659 (
1026 604 1118 660 18.)
1148 603 1258 647 Nili
1275 607 1428 661 singu-

122 663 225 704 laris
242 661 556 714 natura.(19.)
584 663 650 700 De
670 674 837 701 caussa
857 659 1135 701 inerementi
1151 659 1304 702 annui
1318 658 1428 703 Nili

122 717 364 759 sententiae
388 724 494 768 tres,
512 717 743 756 Herodoto
766 716 1066 768 improbatae:
1090 714 1308 771 (zo-23.)
1337 719 1428 758 He-

122 773 270 813 rodoti
298 772 533 811 sententia:
555 769 651 823 (24.
670 770 766 823 25.)
796 770 982 811 inversis
1008 771 1122 811 coeli
1147 771 1426 825 regionibus,

122 824 346 868 Danubio
372 826 492 866 idem
514 833 790 870 eventurum.
811 824 939 879 (26.)
977 827 1116 866 Auras
1141 839 1219 866 cur
1243 840 1335 868 non
1354 841 1429 868 ex-

122 883 256 935 spiret
289 881 426 921 Nilus.
458 879 586 935 (27.)
631 882 696 920 De
729 879 837 923 Nili
851 878 1265 938 sontibusj'ahula.
1297 881 1430 936 (28.)

124 937 215 977 Nili
247 950 395 976 cursus
424 939 538 976 ultra
561 936 914 987 Elephantinen;
949 936 1239 989 Tachompso
1257 936 1428 989 insula3

124 993 342 1045 oppidum
363 992 540 1033 Meroe'.
562 990 688 1045 (29.)
718 989 987 1042 Automoli,
1008 991 1288 1044 praesidiarii
1313 993 1422 1033 olim

122 1047 468 1102 Aegyptiorum,
499 1046 574 1098 qui
594 1047 649 1085 ad
667 1044 921 1099 Aethiopes
943 1046 1282 1100 transfugerunt.
1301 1047 1430 1106 (240.)

122 1105 190 1143 Ab
219 1101 446 1141 occidente
475 1102 538 1141 ibi
568 1101 664 1140 fluit
687 1099 841 1142 Nilus.
869 1099 999 1154 (31.)
1039 1102 1333 1143 Nasamones
1356 1103 1428 1143 iu-

121 1171 254 1197 venes
285 1154 520 1197 interiora
534 1154 731 1214 Africae
752 1163 1072 1210 peragrarunt,
1101 1157 1244 1197 donec
1261 1160 1318 1197 ad
1344 1160 1428 1198 flu-

121 1212 247 1254 vium
273 1220 595 1265 pervenerunt,
630 1225 763 1262 quem
789 1225 879 1251 esse
898 1209 1065 1251 Nilum
1089 1211 1308 1253 existimat
1336 1214 1428 1253 He-

120 1269 303 1308 rodotus
321 1281 422 1307 curn
438 1267 698 1312 Eleareho,
713 1280 815 1320 rege
828 1266 1186 1306 Ammoniorum.
1213 1267 1325 1320 (32-
1338 1267 1428 1321 34.)

174 1319 521 1379 Aegyptiorum
551 1335 723 1368 mores,
748 1323 803 1361 ab
825 1321 922 1361 aliis
950 1320 1130 1374 populis
1152 1336 1331 1375 prorsus
1360 1324 1429 1363 di-

123 1378 262 1418 versi:
281 1375 507 1430 (35-37.)
536 1378 699 1429 duplex
719 1374 987 1429 scripturae
1012 1391 1163 1431 genus.
1180 1376 1313 1432 (37.)
1342 1377 1430 1419 Ri-

126 1439 201 1472 tus
231 1429 454 1487 religiosi
501 1434 643 1472 Boum
682 1431 1067 1471 sacrificandorum
1096 1433 1348 1484 exploratio
1385 1440 1430 1474 et:

123 1486 385 1528 immolatio.
404 1485 629 1540 (38-40.)
667 1489 806 1526 Boves
827 1487 1019 1527 feminae
1048 1486 1173 1527 Isidi
1202 1501 1430 1529 eonsecra-

124 1550 207 1582 tae.
236 1544 424 1583 Graecos
442 1549 697 1582 aversantur
712 1542 936 1596 Aegyptii.
956 1541 1009 1595 (4
1024 1541 1086 1592 ι.)
1123 1545 1160 1581 N
1164 1556 1222 1583 on
1249 1546 1431 1586 eosdem

125 1600 243 1638 Deos
263 1599 414 1638 colunt
442 1610 595 1637 omnes
618 1597 857 1652 Aegyptii,
885 1598 973 1638 nisi
1001 1597 1178 1638 Isidem·
1201 1605 1243 1637 et
1270 1598 1429 1640 Osiri-

125 1654 241 1693 dem.
269 1652 440 1705 Iupiter
465 1653 671 1693 Ammon
701 1666 778 1692 cur
797 1652 981 1692 arietina
1003 1652 1129 1693 facie.
1151 1651 1274 1707 (42.)
1307 1655 1430 1695 Her-

124 1709 274 1753 cules,
295 1707 499 1759 antiquus
517 1709 636 1759 apud
650 1707 895 1761 Aegyptios
915 1709 1036 1748 deus.
1052 1707 1070 1756 (
1084 1707 1183 1761 43.)
1213 1710 1428 1750 Hercules

124 1763 312 1815 Tyrius,
353 1770 397 1803 et
430 1763 627 1803 Thasius.
707 1764 976 1803 Graecorum
1014 1764 1272 1810 Hercules,
1315 1765 1430 1806 alius

127 1815 405 1875 Olympius,
441 1817 554 1858 alius
584 1819 728 1858 heros.
755 1816 881 1871 (44.)
923 1819 1126 1858 Absurda
1155 1821 1430 1861 Graecorum

127 1875 182 1912 de
215 1875 407 1913 Hercule
430 1873 598 1913 fabula.
628 1871 759 1926 (45.)
798 1874 906 1915 Ραη
929 1875 1049 1927 apud
1072 1874 1346 1927 Mendesios,
1379 1876 1430 1916 in

126 1927 533 1979 antiquissimorum
562 1935 661 1968 octo
692 1931 879 1969 deorum
916 1942 1117 1970 numero.
1143 1929 1271 1983 (46.)
1314 1932 1429 1971 Sues

127 1995 219 2021 non
240 1983 472 2024 immolant
492 1984 726 2037 Aegyptii,
747 1983 834 2024 nisi
851 1986 987 2024 semel
1009 1985 1245 2036 quotannis
1266 1987 1431 2027 Lunae

126 2045 171 2077 et
189 2039 389 2079 Baccho.
407 2038 502 2093 (47.
519 2042 615 2090 48.)
648 2041 911 2092 Melampus
939 2040 1097 2080 Bacchi
1114 2054 1254 2094 sacra,
1276 2054 1301 2080 a
1317 2042 1431 2081 Cad-

128 2106 202 2133 mo
227 2101 402 2146 accepta
417 2125 428 2146 ,
453 2096 641 2134 Graecos
662 2095 827 2135 docuit.
844 2094 972 2148 (49.)
1379 2100 1383 2106 ’

179 2148 305 2188 Deos
333 2163 436 2189 suos
466 2148 635 2189 Graeci
665 2150 826 2203 partim
855 2152 909 2189 ab
930 2150 1185 2205 Aegyptiis,
1217 2151 1381 2204 partim
1402 2165 1437 2198 a

126 2200 323 2257 Pelasgis
336 2212 618 2257 acceperunt;
635 2220 776 2246 unum
795 2207 1069 2258 Neptunum
1084 2208 1139 2246 ab
1159 2206 1288 2247 Afris.
1303 2208 1321 2257 (
1336 2209 1429 2257 50.)

125 2257 362 2299 Mercurii
382 2259 595 2313 imagines
617 2261 768 2301 erectis
790 2261 1025 2313 pudendis.
1063 2261 1254 2319 Pelasgi
1276 2264 1429 2302 Samo-

126 2313 336 2354 thraciam
366 2315 619 2355 incolentes.
665 2315 952 2357 Cabirorum
980 2331 1113 2357 sacra.
1134 2318 1266 2368 (52.)
1311 2319 1429 2356 Deos

127 2367 234 2407 olim
258 2370 427 2424 Pelasgi
449 2371 587 2411 nuliis
615 2371 873 2411 nominibus
897 2372 1090 2425 propriis
1111 2371 1343 2426 insignitos
1360 2385 1430 2411 co-

127 2424 452 2474 luerant.(52.)
483 2425 688 2466 Homeri
716 2434 758 2466 et
779 2425 985 2467 Hesiodi
1008 2428 1286 2480 theogoniae.
1304 2425 1429 2475 (53.)

128 2477 262 2532 Origo
281 2481 474 2520 duorum
504 2479 628 2521 Iovis
654 2483 959 2523 oraculorum
973 2510 986 2528 ‚
1015 2482 1245 2524 Ammonii
1275 2489 1316 2522 et
1337 2482 1428 2522 Do-
