1732 2951
312 194 395 241 IN
433 189 871 240 HERODOTI
907 187 1053 237 LIB.
1092 189 1167 236 11.
1307 186 1400 238 265

93 312 252 360 ἐκραγεῖεν
274 306 394 347 idem
410 303 489 364 Pf
545 306 574 346 l.
600 319 662 355 17.
682 303 899 357 χρῆσθαι)
921 306 1113 353 χρὸἴσθοιι
1131 302 1293 342 iterum
1309 302 1355 341 h.
1370 302 1404 342 l.

101 362 246 405 Vind.
269 362 417 404 Areh.
445 386 500 393 -—-
529 369 569 401 et
593 362 649 402 F.
674 361 796 412 quod
819 358 984 412 recepit
1002 355 1182 413 Schaefl
1211 359 1403 397 Memor.

92 418 302 470 equidem
338 431 490 457 amare
516 423 716 456 nostrum
741 414 912 454 variare
943 414 1183 454 verborum
1214 412 1402 465 formas,

93 488 185 515 non
207 473 372 513 invitus
401 471 525 513 tenui
547 471 594 511 id
620 471 742 523 quod
761 470 891 510 dabat
915 469 983 509 ed.
1011 470 1083 508 W
1077 483 1160 509 ess.
1182 482 1282 509 cum
1301 467 1403 509 aliis

93 530 193 570 edd.
215 534 257 567 et
277 527 432 568 msstis.
501 527 530 566 l.
558 529 620 566 18.
650 529 676 566 εἰ
697 526 857 575 ἐθέλοι)
889 526 914 564 εἶ
936 527 1068 565 ἐθέλει
1091 522 1402 564 Vind.Arclz.

93 607 148 615 --
179 590 220 623 et
245 585 301 625 F.
326 583 414 623 Pa.
433 582 523 624 Pd.
562 582 615 622 In
647 581 722 620 tali
747 593 952 620 sermone
978 592 1084 619 vero
1109 579 1403 632 potentialem

96 640 282 679 modum
310 638 533 690 praeferre
561 635 791 677 consuevit
817 637 985 674 Noster.
1005 638 1030 675 εἰ
1049 637 1144 675 θέλοι
1164 636 1297 675 habet
1321 629 1403 689 PJI

95 695 125 733 l.
148 707 212 734 20·
237 691 317 746 ὅγε)
344 693 397 734 Z'rs
408 692 552 735 Arch.
569 715 623 722 —
641 692 770 731 male·
826 691 857 730 l.
881 703 946 730 21.
974 689 1143 743 ἑκατέρῳ)
1160 691 1308 741 ἑκάτερον
1321 685 1402 746 Pfl

151 748 294 789 CAP.
325 747 598 790 CLXXIV.
630 743 737 787 Lin.
770 762 804 785 ι.
829 749 887 785 καὶ
915 743 1002 798 ἴτε)
1036 744 1108 784 Sic
1140 759 1217 785 ora
1243 745 1402 798 steph.

96 804 219 844 Med.
243 801 381 843 Vind.
395 802 661 844 Asb.Arch.
674 804 703 840 F
707 815 845 856 ragm.
858 798 1016 840 Paris.
1028 801 1104 847 [F.
1119 814 1220 840 cum
1240 800 1402 842 nostris

91 855 281 906 Paris.]
299 860 469 910 Copula
489 859 608 898 deest
623 856 732 897 aliis.
746 881 799 887 —-
821 870 983 908 nempe
999 855 1115 897 Edd.
1135 863 1236 896 ante
1254 857 1401 897 Gron.

94 914 124 952 l.
150 925 188 952 2.
216 915 257 958 ὦς
279 914 465 958 &alandt-175
498 910 611 965 ε’ὠν)
644 914 699 951 {alu
730 913 904 965 Fragm.
935 909 1095 952 Paris.
1121 911 1234 953 Ask·
1262 913 1401 953 Pass-

93 967 190 1016 [Sie
208 975 249 1007 et
263 969 320 1008 F.
343 975 383 1007 et
402 969 489 1009 Pa.
512 967 597 1010 Pb.
627 966 712 1007 Pd.
736 967 773 1007 si
803 968 911 1006 fides
942 965 1102 1006 nostris
1133 965 1402 1020 Excerptis.]

90 1022 181 1064 Alii
202 1019 251 1065 ἦν.
269 1045 322 1052 —-
362 1025 424 1062 Ex
442 1024 538 1063 solo
559 1024 640 1063 Pe.
665 1024 750 1062 hoc
779 1029 1032 1061 enotatum:
1060 1021 1123 1061 sic
1144 1036 1252 1062 vero
1279 1023 1402 1063 Edd.

89 1085 190 1117 ante
213 1079 408 1117 lVess..e
431 1078 592 1129 quibus
613 1077 837 1117 revocavit
863 1079 949 1116 hoe
969 1074 1146 1134 Schaefl
1185 1080 1276 1118 Nos
1297 1091 1401 1119 cum

98 1135 247 1172 Wess.
265 1134 319 1172 ἐών
336 1134 570 1172 tenuimus.
626 1132 655 1171 l.
673 1136 708 1174 3.
730 1131 997 1184 ἐπιλείποι)
1021 1135 1235 1173 ἐπιλίποι
1259 1131 1400 1173 Vinffl

89 1187 236 1230 Areh.
257 1208 311 1219 -—
341 1194 383 1227 et
404 1188 487 1226 Pb.
516 1187 638 1240 quod
670 1187 834 1239 recepit
862 1184 1040 1244 SchaesJ
1118 1188 1148 1227 l.
1178 1201 1217 1238 4.
1253 1188 1398 1232 ἐπιτή-

88 1242 162 1283 32⁵‹
185 1249 300 1282 recte
320 1242 443 1282 dedit
456 1245 512 1284 F.
533 1243 911 1294 quemadmodum
927 1251 1028 1282 ante
1045 1255 1124 1282 nos
1146 1242 1235 1283 iam
1253 1256 1400 1283 corre-

87 1304 209 1338 xerat
229 1296 407 1355 Schaef.
435 1303 674 1350 praeeunte
703 1299 846 1338 Koen.
872 1299 929 1337 atl
957 1299 1149 1354 Gregor.
1179 1298 1284 1338 dial.
1305 1298 1399 1339 ion.

87 1352 126 1406 §.
149 1359 214 1403 45.
263 1354 412 1407 Vulgo
437 1353 516 1393 alii
541 1367 694 1393 omnes
717 1353 897 1395 ἐπιτῆἓεια.
966 1354 995 1392 l.
1024 1367 1062 1403 7.
1086 1351 1287 1406 {adm-0151)
1313 1354 1399 1394 ἐκοί-

89 1427 183 1448 στστε
204 1405 340 1448 Vincl.
358 1409 504 1448 Arell.
560 1408 632 1447 Ib.
656 1412 728 1447 καὶ
752 1409 982 1458 afhla-zero)
1004 1413 1230 1449 καταλίο-κετο
1250 1408 1397 1449 Arch-

98 1461 302 1503 Vind.--
327 1469 550 1506 κκτκλίσκετο
572 1464 638 1504 ecl.
663 1465 734 1504 W*
728 1477 811 1502 ess.
837 1477 936 1502 cum
956 1462 1261 1515 superioribus
1275 1464 1397 1505 Edd.

86 1517 149 1558 sic
169 1526 211 1558 et
223 1520 279 1559 F.
299 1526 339 1557 et
356 1518 431 1558 alii
446 1518 582 1559 mssti.
601 1520 683 1557 Sed
701 1532 752 1557 ex
776 1517 829 1558 V
824 1515 1084 1558 alchenarii
1103 1519 1287 1559 coniect.
1300 1534 1398 1572 per-

88 1587 221 1624 quam
249 1574 500 1626 probabili,
546 1571 945 1630 Wesselingioque
972 1574 1103 1614 etiam
1131 1576 1395 1628 probatam,

86 1633 163 1668 καὶ
192 1630 395 1672 ime-nero
429 1629 617 1669 correxit
639 1626 766 1669 Reiz.
788 1631 910 1680 quod
939 1635 1119 1668 tenuere
1147 1628 1327 1687 Schaejfi
1352 1637 1397 1671 et

86 1684 233 1723 Borlz.
265 1686 320 1723 At
338 1683 598 1737 imperfecta
616 1683 665 1722 in
689 1702 786 1723 -ο-κον
806 1683 997 1724 formata
1018 1697 1109 1724 non
1127 1687 1269 1725 solent
1287 1699 1395 1740 aug-

85 1746 286 1778 mentum
309 1739 535 1792 accipere3
564 1740 684 1791 quod
705 1738 951 1779 innumeris
968 1740 1181 1792 exemplis
1202 1749 1392 1794 constat,

86 1807 278 1844 quorum
299 1794 380 1834 tria
400 1791 473 1835 hic
487 1795 533 1834 in
555 1793 812 1847 propinquo
828 1796 1061 1848 habemus,
1088 1799 1293 1849 κλέπτεσκε,
1312 1796 1396 1843 οἵγε.

85 1868 189 1894 cmv,
220 1851 467 1896 οἱποφεύγεσκε.
520 1852 674 1901 Itaque
703 1854 782 1902 ,καὶ
813 1851 1033 1891 dala-xero
1060 1850 1238 1904 scripsi,
1269 1854 1393 1904 quod

83 1903 231 1956 ipsum
255 1903 301 1943 in
317 1905 530 1958 scriptura
548 1907 676 1945 codd.
690 1905 837 1945 Arch.
855 1913 897 1945 et
923 1905 1188 1946 Vind.haud
1206 1908 1392 1949 obscure

83 1960 261 1999 latebat.
331 1962 359 1999 l.
390 1972 422 2005 8.
464 1959 809 2013 dmm-dysme)
841 1961 1071 2006 οἷπέφευγε
1105 1963 1227 2002 Ilsed.
1254 1964 1391 2004 Pass.

83 2015 196 2055 Ask.
230 2029 304 2055 ora
335 2016 489 2068 steph.
522 2016 600 2069 [F.
625 2017 713 2056 Pa.
739 2013 851 2068 Pd.]
897 2017 1207 2061 ὑποφεύγεσκε
1241 2018 1389 2059 Arc-h.

93 2068 298 2110 Vindob.
325 2072 488 2116 ὑπέφευγε
513 2071 617 2111 Ald.
640 2078 719 2110 etc.
735 2094 787 2100 —-
816 2071 997 2111 Collatis
1017 2071 1131 2111 inter
1151 2086 1196 2112 se
1219 2074 1390 2117 duabus

82 2125 305 2176 prioribus
339 2126 604 2166 lectionibus
630 2133 855 2179 perspecte
889 2128 1037 2167 lVess.
1072 2127 1201 2167 istam
1233 2129 1390 2175 α’ποφεύ-

80 2198 178 2224 ςκεσκε
204 2180 430 2233 conflavit,
462 2195 595 2232 quam
622 2188 800 2222 tenuere
824 2189 923 2234 post
948 2196 1049 2222 eum
1079 2182 1156 2222 alii
1185 2183 1389 2223 editores.

81 2234 238 2274 Nescio
260 2250 314 2274 an
332 2237 417 2276 hoc
434 2236 580 2289 ipsum
608 2244 812 2277 tueantur
833 2236 961 2276 etiam
991 2239 1118 2277 codd.
1137 2239 1221 2279 Pe.
1242 2245 1283 2278 et
1300 2239 1386 2282 Pb.

79 2304 103 2328 e
129 2290 289 2340 quibus
311 2293 434 2331 nulla
461 2294 516 2332 ab
543 2294 746 2345 exemplo
778 2293 918 2332 Wess.
939 2292 1229 2345 discrepantia
1248 2296 1387 2334 adno—

79 2350 166 2383 tata
190 2354 264 2385 est.
334 2348 361 2385 l.
389 2362 426 2398 9.
456 2350 598 2386 ἐποίεε
630 2347 783 2399 scripsi
814 2361 914 2387 cum
939 2346 1018 2404 Ps.
1068 2350 1215 2402 Vulgo
1243 2353 1385 2392 ἐποίησε.

78 2398 197 2440 [bid.
224 2401 332 2440 τιινῖἒῑε
362 2400 494 2441 vz'nd.
516 2402 662 2442 Arch.
680 2401 851 2443 Medic.
878 2404 1046 2458 Fragm.
1071 2402 1232 2445 Paris.
1249 2405 1385 2445 Pam,

78 2455 187 2495 Astu
211 2457 289 2504 [F.
314 2458 398 2496 Pb.
422 2457 506 2496 Pd.
531 2455 640 2514 Ps]
671 2458 750 2498 τάδε
769 2459 876 2500 Ald.
900 2457 1059 2502 Paris.
1082 2459 1136 2500 A.
1155 2460 1210 2499 B.
1232 2483 1283 2490 —-
1302 2471 1385 2499 110u
