1732 2951
496 205 1035 256 PRAEFATIO.

120 322 167 364 in
191 319 566 364 Adnotalionibus
594 321 648 359 ad
679 319 962 358 Herodotum
988 318 1327 358 emendatorum
1355 326 1431 359 aut

117 390 451 431 illustratorum.

1308 223 1428 254 XVII

629 507 654 528 ὃ
760 505 784 525 Ξ-
891 507 915 527 :-

179 599 223 638 H
237 612 253 638 1
267 612 286 638 s
315 592 590 650 praemissis,
612 591 703 632 iam
724 604 841 643 quae
862 575 916 631 die
942 592 1025 630 HE
1040 604 1065 630 R
1082 604 1107 630 0
1125 604 1151 631 D
1170 605 1196 631 ο
1211 605 1235 631 1·
1250 607 1265 632 1
1299 594 1435 635 Per-

123 679 295 710 sona,
333 661 482 704 Vita
509 669 553 701 ec
580 656 752 712 Ser-ip
768 654 847 699 tis
868 658 914 698 in
936 658 1120 698 introitu
1139 659 1286 713 operis
1307 675 1435 714 prae-

123 731 259 771 fanda
287 729 495 770 videnru'r
509 758 520 780 ‚
565 741 615 766 ea
650 740 743 766 non
779 725 940 765 rectius
973 725 1223 777 certiusque
1260 729 1436 781 exposi-

125 805 222 838 tum
247 795 303 836 iri
339 793 520 848 putavi,
563 807 698 844 quam
738 791 798 843 si,
842 806 958 843 quae
995 794 1083 832 huc
1119 800 1340 848 spectant,
1382 810 1435 836 ex

127 866 181 903 W
198 876 389 903 ESSELI
409 875 435 899 N
455 875 480 899 G
498 875 512 899 1
533 874 548 899 1
592 850 1000 916 Praefatione
1039 858 1147 910 ipsis
1191 860 1437 902 doctissimi

126 930 223 972 Viri
243 928 410 979 verbis,
440 941 540 967 cum
563 926 762 966 eiusdem
792 922 968 966 Notulis
990 925 1036 964 in
1057 925 1146 966 ima
1169 928 1436 983 paginarum

124 1011 202 1038 ora
232 989 468 1047 adpositis,
488 991 943 1046 repraesentarem.²‘·)
965 992 1036 1032 Sic
1055 992 1192 1047 igitur
1210 994 1288 1034 ille
1306 1009 1437 1049 prae-

122 1063 208 1104 fari
238 1061 350 1102 infit.

383 1191 695 1245 AEQUO
753 1192 1175 1232 LECTORI

719 1284 838 1321 sn.

283 1370 1269 1414 PET.WESSEL1NGIUS.

122 1475 406 1537 FAcvas
438 1492 558 1534 mihi
583 1491 982 1547 operaepretium
1007 1491 1195 1541 videor,
1225 1493 1270 1535 si
1293 1494 1436 1550 prius

125 1563 355 1604 nonnulla
381 1563 435 1600 de
459 1563 724 1600 HERODOTO
758 1561 942 1612 eiusque
973 1561 1172 1613 libris,
1205 1577 1342 1614 quam
1364 1563 1438 1604 in·

121 1627 284 1671 stituci
326 1625 415 1667 mei
460 1625 673 1667 raciones
691 1656 707 1673 ⁷,
761 1642 1036 1681 exposuero.
1095 1627 1268 1685 Magni
1309 1628 1435 1677 viri,

121 1700 212 1738 Ios.
237 1695 451 1749 boettiger,
484 1696 586 1733 Ger.
619 1696 685 1733 lo.
709 1694 916 1745 Vossius,
950 1696 1014 1734 lo.
1044 1696 1145 1734 Alb.
1178 1695 1430 1743 Fabricius,

121 1770 167 1804 et
184 1757 429 1802 novissime
449 1759 514 1799 Io.
532 1759 801 1811 Bouherius,
824 1757 1007 1799 erudite
1023 1774 1076 1800 ea
1098 1758 1148 1800 in
1173 1759 1434 1813 resuerunc

123 1824 367 1880 occupaci‚·
401 1840 535 1879 saepe
558 1837 710 1866 tamen
735 1824 996 1874 discordes,
1027 1835 1072 1867 et
1091 1816 1432 1881 qonmcnquatiz

122 1894 261 1937 etiam
288 1891 424 1946 lapsi.
480 1892 682 1950 Seligam
712 1890 819 1934 inde
847 1894 1044 1935 veritati
1075 1893 1278 1935 maxime
1302 1895 1431 1937 adsi-

119 1958 280 2007 milia,
308 1967 353 2000 ec
382 1960 526 2001 electa
557 1961 835 2016 adfirmabo.

173 2063 221 2109 ’ἢ
249 2065 362 2111 Quae
375 2065 461 2101 istis
475 2064 625 2100 adiecta
640 2077 662 2101 a
678 2078 748 2101 no-

118 2120 180 2156 bis
205 2127 324 2164 sunt,
351 2121 499 2168 oppido
528 2133 672 2167 pauca,
702 2132 746 2156 ea

120 2174 269 2223 partim
302 2175 563 2211 circumdatis
594 2176 748 2212 cancel-

118 2230 193 2274 lis,
225 2232 373 2278 partim
403 2231 555 2267 adiecta
584 2230 627 2266 in
666 2233 747 2267 fine

118 2287 155 2322 S.
177 2285 292 2321 litera
317 2285 566 2335 distinguere
586 2299 605 2321 a
630 2287 745 2323 zVes-

117 2342 329 2389 selingianis
359 2341 528 2389 placuit.
567 2342 677 2387 Quae
697 2342 744 2377 de

115 2395 281 2431 diversis
306 2398 554 2433 Historiarum
577 2398 744 2433 Herodo-

113 2452 143 2487 ti
162 2451 386 2488 Editionibus
413 2451 581 2487 dicenda
606 2464 745 2501 super-

170 2512 331 2569 Praqf.
358 2515 407 2555 T.
422 2515 459 2557 J.
476 2517 531 2557 P·
551 2515 592 2555 I.

794 2071 912 2109 sunt,
941 2070 980 2101 et
999 2064 1048 2101 de
1078 2065 1267 2102 codicibus
1292 2069 1429 2103 Manu-

792 2123 962 2170 scriptis,
995 2120 1147 2169 quibus
1174 2121 1237 2157 vel
1270 2124 1429 2158 wesse-

793 2176 948 2225 lingius
974 2189 1068 2212 usus
1088 2181 1145 2211 est
1159 2176 1222 2211 vel
1243 2176 1358 2212 nobis
1374 2177 1427 2211 li-

793 2232 879 2268 cuit
910 2232 992 2276 uti,
1022 2243 1064 2266 ea
1092 2231 1342 2267 commodius
1378 2231 1422 2267 in

793 2286 967 2322 introitu
989 2289 1139 2323 alterius
1169 2288 1292 2323 Partis
1312 2289 1425 2335 primi

792 2342 915 2378 huius
958 2344 1062 2378 Tomi
1078 2371 1088 2386 ‚
1131 2354 1210 2389 qua
1251 2344 1423 2378 Vari-etas

789 2399 973 2434 Lectionis
991 2396 1245 2441 continetur,
1269 2397 1424 2444 exposi-

792 2460 830 2489 ta
852 2453 935 2489 fore
958 2452 1200 2489 existimavi.

1127 2515 1156 2552 h
