1732 2951
256 179 407 212 XXXII
628 164 1210 213 PRAEFATIO.

254 276 478 331 peramice
514 276 627 317 mihi
657 291 842 330 operam
886 290 1012 317 suam
1049 276 1308 317 conserente
1342 274 1582 320 Boisso·

255 346 428 392 nacla,
445 344 689 385 clarissimo
706 343 837 396 Viro,
859 350 1059 395 repertus
1081 342 1220 395 estis,
1241 358 1372 395 quem
1389 344 1435 384 in
1453 347 1583 386 Prae.

253 413 424 454 satione
443 412 582 465 priori
604 411 717 463 parti
737 410 872 450 huius
897 408 1032 450 Tomi
1053 408 1295 462 praemissa
1315 410 1404 451 iam
1434 412 1582 452 nomi-

254 480 382 532 navi,
409 475 692 535 Georgiades
706 506 715 522 ‚
733 476 934 517 eruditus
953 476 1129 516 iuvenis
1145 490 1304 531 graeco
1323 491 1486 532 genere
1507 493 1583 518 na·

255 554 347 597 tus,
369 545 447 597 qui
468 545 515 584 id
537 558 698 584 munus
719 543 766 583 in
793 558 838 583 se
864 543 1091 596 suscipere
1117 543 1285 595 voluit3
1316 547 1371 583 de
1392 544 1517 586 cuius
1538 550 1581 585 et

254 612 550 667 intelligentia
583 619 624 651 et
658 611 745 651 fide
778 618 821 650 et
861 609 1095 665 diligentia
1128 609 1249 650 idem
1283 611 1580 654 Boissonadus

254 695 380 720 nicus
415 678 526 718 mihi
552 678 812 731 spopondit.
841 677 1043 717 Contulit
1074 677 1111 717 is
1140 676 1279 732 igitur
1307 677 1396 717 mei
1428 681 1578 720 caussa

255 762 356 788 cum
380 745 733 799 &Vcsselingiano
757 746 962 798 exemplo
985 743 1187 796 quinque
1212 743 1434 784 Herodoti
1455 746 1581 785 codi-

255 829 348 865 ces,
392 826 616 865 quemque
648 825 865 863 seorsum,
905 810 965 849 ita
999 818 1047 850 ut
1082 819 1308 863 excerptas
1339 826 1362 851 e
1388 811 1578 866 singulis

255 880 485 922 codicibus
509 878 739 918 Lectiones
773 876 940 930 (initio
972 878 1027 917 ab
1048 891 1101 917 eo
1135 878 1290 918 codice
1319 878 1463 932 facto,
1498 879 1578 931 qui

255 947 460 989 omnium
483 943 883 998 praestantissimus
903 944 1022 985 visus
1042 944 1165 997 erat)
1181 946 1392 998 separatis
1414 947 1578 988 descri-

253 1016 391 1070 pserit
406 1013 592 1064 libellis;
615 1027 705 1062 quo
724 1012 905 1058 factum,
925 1020 973 1052 ut
989 1013 1044 1051 de
1063 1010 1328 1053 confusione
1343 1022 1574 1068 notarum,

255 1082 420 1135 quibus
442 1081 632 1132 quisque
654 1081 793 1118 codex
814 1078 1045 1118 distinctus
1067 1085 1153 1131 est,
1188 1078 1303 1119 nihil
1333 1079 1389 1119 sit
1416 1080 1578 1121 timen—

254 1149 387 1186 dum:
423 1145 472 1184 in
492 1158 637 1195 eoque
663 1145 817 1182 labore
850 1156 950 1182 eam
972 1150 1013 1182 et
1035 1141 1169 1181 fidem
1199 1149 1240 1182 ct
1264 1143 1483 1183 eruditam
1507 1145 1578 1184 in·-

254 1213 495 1261 dum-iam,
520 1225 653 1262 quam
671 1210 718 1249 in
740 1209 815 1249 tali
834 1209 1016 1263 negotio
1035 1223 1254 1249 summam
1273 1218 1315 1250 et
1335 1211 1576 1252 maximam

252 1280 479 1334 postulare
516 1291 685 1328 aequus
721 1276 982 1316 aestimator
1015 1275 1182 1328 possit,
1216 1275 1329 1315 mihi
1365 1277 1484 1317 visus
1513 1287 1577 1319 est

252 1343 533 1400 praestitisse.
593 1345 852 1393 Caeterum,
895 1343 1020 1393 quod
1056 1341 1189 1381 initio
1222 1342 1391 1383 veritus
1429 1356 1575 1398 eram,

252 1428 337 1453 nec
357 1412 451 1452 fere
480 1410 608 1450 aliter
636 1408 733 1448 fieri
761 1416 988 1462 potuerat,
1028 1408 1076 1447 id
1101 1421 1181 1448 usu
1212 1407 1323 1448 mihi
1348 1409 1494 1464 venit,
1528 1417 1577 1452 ut

254 1480 302 1520 in
338 1475 660 1532 pertractandis
695 1475 764 1515 his
803 1475 964 1515 nostris
1004 1474 1242 1527 excerptis,
1283 1483 1325 1514 et
1360 1475 1407 1515 in
1446 1491 1578 1518 usum

253 1552 481 1597 susceptae
512 1556 655 1582 novac
678 1541 888 1582 editionis
917 1540 1251 1593 convertendis,
1283 1543 1404 1581 haud
1424 1544 1578 1596 paucis

254 1612 302 1651 in
333 1610 443 1652 locis
466 1610 660 1649 incertus
696 1608 936 1648 haeserim.
981 1610 1113 1660 Nam,
1148 1620 1287 1659 quum
1320 1609 1481 1661 passim
1513 1611 1577 1650 le·-

255 1678 424 1718 ctioncs
445 1676 693 1716 nonnullae
721 1676 778 1714 ab
811 1675 1017 1726 exemplo
1051 1673 1403 1730 W'esselingiano
1422 1675 1470 1714 in
1494 1678 1577 1715 Pa-

255 1742 516 1783 risiensibus
548 1740 778 1781 codicibus
809 1741 1109 1793 discedentes,
1142 1754 1259 1792 quae
1286 1742 1357 1780 vel
1387 1755 1412 1781 a
1443 1744 1579 1783 lVes-

253 1808 456 1867 selingio
482 1810 551 1848 vel
583 1823 608 1848 a
635 1808 878 1849 Larehero
910 1809 1147 1848 adnotatae
1173 1815 1297 1860 sunt,
1334 1805 1381 1847 in
1416 1808 1577 1850 nostris

253 1878 324 1917 his
353 1876 570 1930 excerptis
596 1876 682 1915 sint
702 1876 1065 1928 praetermissac;
1087 1889 1140 1914 eo
1162 1874 1232 1927 fit,
1258 1881 1305 1914 ut
1321 1875 1419 1915 aliis
1439 1876 1577 1916 etiam

253 1944 302 1984 in
331 1943 465 1996 locis,
496 1943 576 1982 ubi
609 1943 780 1982 nullam
810 1957 835 1982 a
869 1949 1075 1983 contextu
1106 1941 1460 1995 Wesselingiano
1487 1942 1576 1982 dis·

251 2011 503 2051 sensionem
540 2007 825 2065 Georgiades
858 2008 1113 2061 adnotavit,
1149 2010 1269 2048 haud
1297 2008 1399 2048 satis
1431 2016 1575 2049 certus

252 2076 360 2129 sim,
403 2075 762 2115 consentiant-nc
798 2075 1063 2115 Parisienses
1101 2072 1277 2114 codices
1313 2073 1440 2128 (sive
1480 2088 1577 2114 om-

252 2157 349 2195 nes,
383 2143 477 2183 sive
516 2143 765 2196 nonnulli)
807 2157 908 2183 cum
951 2141 1305 2196 Vv'esselingiano
1344 2143 1574 2194 exemplo,

253 2223 311 2248 an
333 2208 580 2249 dissensum
614 2210 828 2249 adnotare
859 2210 1115 2262 explorator
1144 2212 1292 2248 noster
1318 2206 1580 2261 neglexerit.
