1732 2951
498 209 1055 258 PRAEFATIO.
1362 227 1432 260 xv

116 324 237 366 idem
265 322 346 364 Vir
375 320 679 374 doctissimus,
722 321 847 362 cuius
874 321 922 360 in
952 322 1068 361 hanc
1104 327 1299 362 nostram
1330 325 1434 363 Edi-

118 392 286 432 tionem
318 388 726 442 praeclarissimum
757 388 967 428 meritum
996 403 1129 442 supra
1155 389 1433 443 praedicavi,

119 458 206 501 sibi
233 455 494 511 designavit.
520 454 574 509 ξ·)

176 578 469 616 LIBELLUS
505 576 559 614 de
607 571 755 614 Vita
797 571 1082 621 Homeri,
1123 582 1319 616 vetustus
1356 576 1435 617 ille

122 643 328 696 quidem,
367 643 442 682 sed
474 640 585 680 falso
623 639 870 680 Herodoti
912 655 1077 680 nomen
1104 641 1150 681 in
1186 643 1331 682 fronte
1360 656 1437 696 ge-

121 723 245 761 rens,
290 710 344 748 ab
381 710 463 747 hac
505 705 713 746 Editione
757 720 847 746 non
888 707 1043 747 debuit
1080 710 1254 759 abesse3
1297 723 1438 760 quum

120 774 378 828 praesertim
408 774 532 812 haud
561 772 801 826 indignum
837 771 1178 829 Wesselingius
1208 775 1439 815 iudicave-

121 842 180 882 rit
201 842 329 893 'quem
353 839 538 880 eruditis
563 838 654 880 suis
683 839 809 880 Notis
832 838 1085 881 illustraret.
1117 843 1182 881 De
1212 841 1438 883 Ctesiae

121 904 402 960 Excerptis,
440 921 553 958 quae
588 912 763 959 praeter
796 905 1005 948 idoneam
1042 921 1236 948 caussam
1269 911 1439 962 pleras-

125 987 210 1024 que
234 981 419 1013 onerant
440 971 685 1014 Herodoti
712 972 943 1014 Editiones
958 1004 969 1026 7
1001 974 1174 1014 omissis
1196 975 1316 1027 aliis,
1338 975 1440 1016 satis

121 1038 258 1078 habui
294 1039 503 1091 reliquias
540 1040 719 1080 Rerum
757 1036 1067 1079 Persicorum
1107 1042 1162 1080 ad
1202 1055 1252 1080 ea
1298 1055 1440 1092 usque

121 1112 344 1160 tempora,
379 1106 426 1145 iu
456 1105 619 1158 quibus
645 1106 926 1146 Herodotus
952 1106 1136 1159 desinit,
1167 1107 1440 1161 adposuisse.

179 1226 314 1265 Posr
329 1240 353 1263 E
369 1239 393 1264 R
408 1239 427 1263 1
444 1238 469 1263 o
489 1239 515 1264 R
530 1240 546 1264 1
579 1224 699 1264 Parti
726 1224 872 1277 quarti
891 1224 1024 1264 Tomi
1049 1225 1247 1266 adiectus
1269 1234 1331 1267 est
1350 1227 1441 1266 In-

125 1289 236 1330 dex
263 1291 476 1330 Rerum
502 1297 558 1331 ec
586 1292 1018 1338 Personarum‚·
1048 1306 1204 1345 quem,
1227 1307 1308 1345 per
1328 1293 1443 1334 Jun-

119 1355 337 1414 germani
366 1357 629 1397 industriam
663 1356 765 1397 satis
798 1360 1036 1397 commode
1062 1359 1341 1412 confectum,
1369 1372 1441 1399 su-

125 1423 323 1476 periores
354 1423 623 1464 exhibebant
655 1424 912 1477 Edifiones,
941 1425 1081 1465 nostri
1111 1433 1260 1466 autem
1289 1427 1444 1466 caussa

125 1489 275 1528 denuo
312 1489 555 1542 recensuit,
599 1490 854 1543 partimque
887 1491 1033 1537 auxit,
1077 1492 1240 1544 partim
1282 1492 1443 1532 melius

125 1555 286 1608 passim
314 1556 495 1610 digessit
522 1563 564 1597 et
588 1557 815 1597 ordinavit
836 1572 960 1598 meus
983 1557 1030 1597 in
1053 1558 1328 1613 corrigendis
1349 1574 1441 1611 spe-

126 1622 366 1663 ciminibus
390 1623 729 1678 typographicis
753 1623 899 1665 socius
920 1623 1138 1665 Daniel
1160 1624 1445 1674 Waetien,

126 1690 397 1742 Bremensis,
440 1690 518 1742 qui
553 1690 875 1730 humaniorum
911 1691 1258 1744 divinarumque
1296 1692 1445 1732 litera-

127 1770 225 1796 rum
249 1763 292 1796 et
318 1756 605 1797 scientiarum
629 1757 928 1811 curriculum,
960 1758 1124 1809 quibus
1150 1774 1231 1812 per
1254 1767 1445 1811 quatuor

128 1822 363 1863 continuos
397 1837 538 1863 annos
569 1823 617 1862 in
654 1824 1017 1878 Argentoratensi
1051 1824 1289 1865 Academia
1322 1833 1364 1865 et
1395 1825 1444 1865 in

127 1888 377 1928 Seminario
408 1889 662 1944 theologico
696 1889 1040 1929 Protestantium
1078 1893 1199 1943 apud
1225 1905 1306 1931 nos
1335 1898 1445 1933 stre-

128 1966 216 1993 nue
240 1953 466 2007 incubuit,
495 1954 562 1995 his
591 1954 699 2007 ipsis
730 1954 887 1995 diebus
920 1957 1059 1995 multa
1087 1970 1188 1996 cum
1211 1958 1348 1998 laude
1367 1960 1446 1998 ab-

129 2021 275 2060 solvit.

185 2133 262 2173 GL
275 2146 302 2173 ο
314 2146 409 2173 SSA
425 2147 454 2173 R
468 2148 488 2174 I
507 2148 536 2173 ts
551 2147 591 2173 M
630 2140 762 2174 vetus
810 2134 998 2174 Vocum
1035 2134 1448 2182 Herodocearum‚

131 2198 188 2235 ad
218 2200 339 2249 quod
363 2197 409 2238 in
440 2199 723 2254 Wesselingii
744 2198 1121 2240 Adnotationibus
1146 2207 1188 2240 et
1217 2200 1264 2239 in
1289 2201 1446 2241 Varie-

130 2269 216 2303 tate
237 2264 458 2305 Lectionis
478 2265 669 2305 subinde
697 2270 988 2319 provocatur,
1011 2264 1059 2304 in
1079 2264 1167 2305 fine
1186 2266 1447 2319 posterioris

185 2364 241 2415 ¹⁹')
286 2367 393 2405 Vide
446 2370 596 2405 Gssono.
644 2371 765 2406 Fam.
813 2381 954 2405 corum
978 2367 1056 2417 (die
1072 2370 1306 2407 Historische
1323 2374 1447 2408 Kunst

135 2421 342 2460 Cunuzezzr
382 2424 675 2461 praefationem
712 2425 767 2460 li-
813 2426 878 2461 der
919 2421 1134 2475 Griechen)
1176 2425 1283 2473 Lips.
1330 2426 1446 2462 1803.

131 2476 204 2515 bro
231 2477 278 2514 de
300 2479 498 2517 Historica
528 2485 615 2516 arte
644 2483 769 2517 Grae-
816 2479 1075 2528 praemissam
1089 2506 1099 2522 ‚
1120 2493 1158 2527 p.
1180 2493 1199 2525 7
1218 2492 1298 2529 seq.
