1732 2951
235 145 268 193 8
435 140 862 193 VARIETAS
903 139 1348 188 LECTIONIS

234 271 319 312 pro
344 269 426 310 σφι,
462 258 585 309 quod
615 256 720 296 inde
748 257 805 295 ab
841 255 957 294 Aldo
988 261 1238 294 constanter
1271 254 1345 294 hic
1380 254 1551 307 editur,

234 315 399 356 habent
419 324 496 359 σφιν
518 314 605 353 Pa.
627 312 714 352 Pb.
733 320 775 350 et
795 315 872 355 σφὶν
890 324 990 350 cum
1011 319 1192 350 accentu
1214 324 1291 351 ms.
1305 311 1362 350 F.
1429 311 1458 350 l.
1488 314 1552 351 13.

233 368 429 419 Βασιλῆος)
453 371 618 412 βκοιλέως
635 374 788 407 contra
810 379 982 405 morem
999 364 1160 407 Paris.
1173 367 1229 406 B.
1243 368 1398 405 W'Ess.
1410 390 1463 397 —
1477 365 1551 407 Sic

234 425 377 466 nostri
406 423 491 465 Pb.
513 430 554 462 et
581 423 660 463 Pe.
695 424 851 467 βασιλέος
875 423 931 461 F.
953 428 997 461 et
1019 423 1108 462 Pa.
1157 424 1263 461 1νὶοΧ
1287 422 1346 464 ‘triv
1372 424 1552 473 θυγατέρος

235 480 472 520 ediderunt
501 475 682 536 Selenes
701 486 742 517 et
770 477 915 518 Borb.
949 485 1122 530 praeter
1148 476 1451 516 necessitatem
1473 478 1553 517 ad-

234 536 437 577 iicientes
462 533 723 585 articulum,
753 547 888 585 quem
910 532 1118 587 ignorant
1143 533 1187 572 h.
1208 534 1238 572 l.
1258 530 1371 572 aliae
1394 531 1555 572 editio-

234 606 314 633 nes
337 604 491 631 omnes
520 604 621 629 cum
647 588 802 629 msstis.
859 589 888 627 l.
917 602 962 638 14
988 604 1053 642 sq.
1083 590 1177 628 κατοέ
1203 588 1315 628 voivre*
1375 586 1448 627 Sic
1471 588 1556 629 Peg

234 655 347 702 puto
372 654 414 687 et
440 647 526 687 Pa.
562 646 657 685 naa-:2
678 645 787 685 τωυτό
815 645 982 696 absque
999 644 1156 698 spiritu
1185 645 1257 683 vel
1280 645 1554 696 apostrophe

235 705 321 748 Pe.
346 710 387 742 et
406 702 462 742 F.
492 716 517 741 a
547 714 632 740 sec.
653 716 712 740 m.
735 699 814 751 qui
836 714 859 740 a
882 699 1027 754 prima
1056 714 1189 739 manu
1217 700 1351 739 habet
1371 700 1556 752 κοιτωῡτδ,

235 772 396 800 omnes
423 756 495 797 isti
519 756 774 810 ignorantes
797 762 964 808 puncta
997 756 1248 796 diaeretica.
1287 755 1438 808 Vulgo
1460 755 1557 795 κοινοὶ

235 815 357 856 τῶὑ·τδ’
371 814 471 853 edd.
488 812 601 854 Vide
615 824 747 865 supra
763 813 819 851 ad
834 812 1045 852 Prooem.
1065 814 1092 851 1.
1109 816 1143 853 3.
1161 818 1324 850 notata.
1381 812 1410 850 l.
1433 812 1494 850 15.
1514 810 1557 851 τδ

236 874 298 910 καὶ
315 867 446 923 ‘'Emu)
467 868 484 909 δ’
499 872 558 908 uxi
575 865 749 908 Medic.
759 874 801 906 et
817 865 998 924 Remig.
1019 867 1163 907 Ceteri
1174 868 1215 908 ‘ro'
1234 871 1306 911 καὶ,
1323 872 1371 906 ut
1387 865 1558 906 Aldus.

237 927 396 965 Wssss.
420 948 474 955 —
511 923 554 974 ὃ,
580 937 663 976 pro
690 923 752 974 τδ,
774 936 828 963 ex
850 925 1054 965 Mediceo
1085 937 1165 963 suo
1192 921 1388 962 ediderat
1411 920 1567 962 Grons

239 988 282 1021 et
309 980 372 1020 sic
404 981 570 1019 habent
596 981 641 1018 h.
668 979 696 1018 l.
726 977 859 1018 etiam
887 980 976 1021 Pa.
1004 979 1094 1019 Pd.
1124 986 1166 1019 et
1191 980 1248 1019 F.
1282 977 1562 1032 negligentes

238 1035 496 1076 Ionismuln
519 1048 544 1073 a
565 1033 860 1089 W'esselingio
885 1037 1157 1087 restitutum,
1187 1047 1278 1086 quo
1307 1038 1561 1075 constanter

238 1091 350 1132 alias
387 1090 527 1130 utitur
561 1091 830 1129 Herodotus.
890 1092 919 1131 l.
952 1094 1014 1132 25.
1042 1093 1128 1130 Ἰοῦν
1155 1091 1214 1130 riv
1241 1087 1423 1140 Ἰνοέχου.)
1453 1090 1558 1128 1)υο

238 1149 405 1197 verba,
435 1147 495 1189 τήν
521 1146 679 1194 Ἰνάχου,
709 1147 899 1186 delenda
929 1153 1155 1187 censuerat
1185 1145 1349 1185 Vale-k.
1371 1151 1413 1184 et
1439 1145 1561 1184 dele-

238 1217 345 1244 vere
365 1199 504 1246 Reiz,
520 1197 699 1257 Schaef
723 1208 764 1241 et
785 1202 931 1242 Bor-h.
953 1203 1068 1244 Vide
1088 1204 1233 1242 Notas.
1295 1201 1324 1239 l.
1352 1202 1411 1239 15.
1431 1200 1564 1245 ταύτας

240 1256 404 1310 στοέσκς)
433 1258 563 1303 endo-25
584 1256 788 1297 Vindob.
807 1258 938 1304 ταύτας
959 1260 1027 1308 aad?
1048 1257 1181 1302 στάσας
1202 1252 1382 1311 Remig.
1403 1257 1560 1294 W'Ess.

239 1312 325 1354 lin.
355 1316 415 1352 16.
448 1310 549 1365 νκδς)
573 1312 639 1358 νεδς
659 1313 744 1352 PC.
762 1314 817 1353 F.
841 1314 919 1359 νκῶς
940 1314 1031 1354 Pcl.
1090 1313 1117 1351 l.
1145 1326 1208 1362 17.
1231 1315 1296 1351 τῶν
1318 1321 1379 1356 σφι
1401 1307 1471 1357 ἦν)
1493 1313 1561 1350 τῶν

241 1389 292 1410 xm
325 1366 531 1408 Vindob.
559 1380 583 1406 a
609 1367 754 1420 prima
782 1381 931 1408 manu.
962 1372 1027 1409 τῶν
1048 1386 1101 1409 κεν
1128 1367 1276 1408 Arc-h.
1306 1366 1383 1406 sed
1409 1370 1487 1412 σφὶν
1511 1364 1562 1405 in

241 1424 457 1479 margine.
490 1423 603 1464 Vide
628 1424 862 1464 Theocrit.
879 1425 1015 1478 Idyll.
1037 1438 1081 1475 17
1097 1454 1109 1475 ,
1130 1435 1196 1472 42.
1207 1425 1424 1463 W'Ess.—
1439 1421 1561 1476 Quid

242 1483 332 1521 huc
364 1480 493 1519 faciat
524 1479 751 1519 Theocriti
770 1481 916 1530 locus,
944 1494 1037 1519 non
1065 1478 1214 1519 video.
1244 1489 1321 1524 σφιν
1348 1476 1530 1529 quidem
1547 1507 1559 1529 ,

242 1542 319 1576 aut
346 1540 448 1588 σφὶν,
479 1536 646 1573 dabant
671 1537 717 1574 h.
744 1537 774 1575 1.
799 1535 1005 1588 plerique
1033 1534 1164 1575 libri:
1197 1536 1275 1575 sed
1308 1533 1469 1574 rectius
1499 1544 1561 1580 σφι

243 1593 325 1634 Pe.
354 1598 396 1630 et
423 1591 491 1631 ed.
518 1588 699 1647 Selmef
735 1593 1116 1642 quemadmodum
1143 1591 1305 1630 deinde
1339 1589 1430 1629 fere
1457 1602 1565 1629 con-

244 1653 427 1699 stanter,
450 1645 586 1685 etiam
606 1653 708 1686 ante
722 1649 945 1699 vocalem,
968 1646 1270 1700 probatissimi
1285 1659 1385 1685 mss.
1406 1652 1448 1685 et
1462 1645 1565 1684 edd.

246 1705 374 1744 Idem
404 1717 482 1742 ms.
505 1702 585 1742 Pe.
605 1704 742 1755 paulo
768 1703 972 1756 superi-us
998 1703 1121 1743 dedit
1149 1706 1282 1747 λέγουσι
1303 1714 1386 1754 pro
1409 1702 1565 1756 vulga-

249 1766 294 1799 10
318 1763 486 1807 λέγουσιν,
509 1765 550 1796 et
570 1772 674 1798 mox
700 1758 804 1798 dein
830 1759 957 1810 ἄλλῃτι
978 1772 1061 1811 pro
1089 1758 1245 1808 οἵλλῃσιν.
1301 1757 1421 1797 Ead-
1443 1757 1473 1795 l.
1501 1771 1562 1808 17.

248 1811 582 1866 διακελευτκαένους)
602 1813 889 1859 διακελευτμένους
911 1813 1115 1855 Vindob.
1136 1816 1289 1853 Wnss.
1347 1813 1376 1851 l.
1392 1828 1453 1864 19·
1476 1814 1566 1853 αἶπο-

248 1869 408 1915 φυγέειν)
431 1870 620 1913 ἀποφυγεῖν
645 1867 788 1909 Vind.
809 1869 953 1909 Arelz.
971 1867 1181 1911 etParis.
1199 1868 1250 1911 C.
1271 1869 1566 1908 malc.W1·:ss.

247 1948 298 1954 —
321 1924 392 1964 Sic
421 1924 559 1963 nostri
588 1924 674 1965 Pb.
705 1932 747 1964 et
773 1925 862 1965 Pd.
931 1926 1051 1966 Ead.
1077 1927 1106 1965 l.
1133 1939 1194 1976 19.
1225 1923 1380 1977 ἄλλῃσι)
1412 1923 1566 1964 οἵλλοισιν

248 1980 397 2022 Arch.
419 1981 643 2018 Wnss.--
664 1982 812 2033 Vulgo
839 1981 994 2032 ἄλλῃσιν.
1054 1982 1082 2020 l.
1106 1994 1169 2021 20.
1195 1978 1464 2032 ἐσβαλομένους)
1491 1979 1565 2019 Sic

247 2032 429 2090 Bemig.
453 2041 558 2075 teste
584 2036 733 2075 Wess.
761 2043 803 2075 et
826 2036 888 2075 sic
920 2037 1052 2076 etiam
1070 2044 1219 2076 noster
1241 2036 1297 2074 F.
1319 2036 1442 2086 quod
1462 2048 1567 2074 cum

247 2088 429 2147 Schaef
463 2090 655 2142 praetuli
680 2092 861 2144 vulgato
890 2095 1162 2137 ἐσβαλλομένους.
1209 2090 1330 2130 Alias
1358 2090 1567 2130 mutatio-

248 2160 327 2187 nes
340 2176 351 2198 ‚
371 2159 478 2197 quas
499 2144 618 2185 idem
641 2145 918 2204 Schacferzcs
938 2161 1020 2187 suo
1040 2148 1132 2187 sere
1152 2146 1386 2198 arbitratu,
1413 2152 1566 2189 contra

248 2201 471 2243 librorum
493 2215 781 2254 consensum,
803 2203 1055 2254 frequentes
1074 2202 1225 2242 intulit
1243 2204 1445 2258 vulgatae
1461 2200 1570 2242 scri-

250 2264 431 2312 pturae,
467 2257 605 2296 velull
634 2259 690 2304 ’ξῦν
715 2273 799 2311 pro
833 2260 914 2302 σύν,
943 2262 1122 2303 γυναικέων
1153 2271 1236 2311 pro
1259 2260 1447 2302 γυναικοῖν,
1478 2258 1570 2296 οἶπο·

250 2313 427 2358 πλώοντας
447 2325 530 2365 pro
555 2314 789 2359 ἀποπλέοντας
803 2343 812 2360 ,
830 2315 1042 2353 adnotare
1061 2314 1223 2354 dehinc
1242 2314 1540 2365 supersedebo
1556 2325 1569 2362 ;

253 2383 393 2420 quum
420 2367 677 2420 praesertim
710 2369 805 2421 ipse
832 2369 911 2409 Vir
941 2371 1096 2409 doctus
1126 2369 1173 2409 in
1203 2381 1437 2423 progressu
1463 2381 1572 2420 ope-

251 2423 314 2465 ris
334 2423 566 2480 agnoverit
590 2430 632 2464 et
653 2423 701 2464 in
731 2424 1017 2466 Praefatione
1043 2424 1148 2466 dein
1179 2424 1374 2479 ingenue
1403 2423 1575 2477 profes-
