1732 2951
288 258 388 310 490
634 243 1262 295 ARGUMENTUM

288 357 467 405 donaci.
483 357 701 409 (54-57.)
729 358 942 409 Pompae
959 369 1125 408 sacrae,
1147 356 1333 398 diversis
1352 355 1436 399 diis
1454 357 1600 399 diver-

286 428 353 456 sas
378 414 424 452 in
454 415 586 453 urbes
617 414 776 453 ductae
804 413 859 451 ab
890 412 1136 466 Aegyptiis.
1156 414 1255 461 (50.
1275 412 1371 467 59.)
1410 412 1598 454 Dianae

287 469 446 510 festum
482 468 658 508 Bubasti
689 467 1117 516 celebratumffo.)
1159 465 1307 508 Isidis
1333 469 1516 521 festum,
1547 469 1597 510 in

286 526 397 565 urbe
423 523 717 575 Busi1·i.(61.)
760 520 999 564 Minervae
1022 523 1179 564 festum
1201 530 1468 563 nocturnum
1484 554 1495 572 ‚
1526 525 1599 563 lu-

287 578 442 621 cernis
463 594 542 632 per
560 586 696 619 totam
719 579 974 633 Aegyptum
991 576 1213 619 accensis.
1232 578 1359 630 (62.)
1386 577 1511 620 Solis
1533 579 1598 620 fe-

282 643 401 676 stum
427 633 681 685 Heliopoli3
708 635 945 680 Latonae,
968 634 1014 674 in
1039 636 1150 675 Bnto
1171 635 1302 684 urbe3
1326 631 1505 675 Martis
1532 634 1597 674 se-

283 698 399 732 stum
423 690 646 743 Papi-cmi,
672 703 762 741 quo
786 689 975 731 fustibus
990 702 1036 729 se
1058 696 1215 730 mutuo
1234 691 1488 729 caedebant.
1506 689 1595 740 (63.

284 747 374 798 64.)
403 745 730 799 Acgvptiorum
755 753 796 784 et
816 747 1087 785 Graecorum
1107 746 1155 786 in
1180 746 1357 799 templis
1379 745 1596 787 adeundis

287 801 469 842 castitas.
489 801 618 852 (64.)

338 855 611 898 Bestiarum
633 857 803 896 cultus.
821 855 952 906 (65.)
982 854 1166 897 Felium
1187 855 1424 911 singularis
1439 854 1596 896 instin-

284 919 400 953 ctus:
421 915 564 953 luctus
590 912 636 950 in
656 920 797 951 morte
821 911 944 962 selis,
976 919 1015 951 ct
1040 912 1172 952 canis.
1189 912 1318 964 (66.)
1350 911 1595 952 Bestiarum

283 976 561 1008 mortuarum
584 969 823 1019 sepultura.
845 966 974 1017 (67.)
1004 965 1253 1009 Crocodili
1271 975 1425 1008 natura
1441 975 1482 1007 et
1499 981 1596 1006 mo-

282 1024 524 1074 res:(68.)
564 1036 728 1062 nomen
758 1035 965 1076 graecum
995 1030 1081 1062 est:
1112 1022 1346 1076 Aegyptiis
1373 1023 1595 1074 ehampsa

281 1078 627 1129 vocatur.(69.)
657 1080 851 1130 Captura
881 1077 1364 1130 crocodilorum.(7o.)
1402 1076 1594 1131 ‚Hippo-

272 1142 515 1188 potamus.
544 1133 667 1184 (7¹·)
711 1135 867 1183 Lutra,
899 1133 1124 1185 lepidotus
1155 1133 1311 1186 piscis,
1344 1134 1596 1185 vulpanser.

281 1191 405 1243 (72.)
437 1187 657 1229 Phoenix
671 1217 682 1232 .
712 1189 805 1229 avis
827 1189 1041 1228 sabulosa.
1063 1187 1191 1241 (73,)
1229 1188 1352 1228 Sacri
1371 1194 1595 1241 serpentes

279 1245 459 1286 Thebis.
476 1247 570 1294 (74.
587 1243 606 1296 )
638 1245 698 1283 Ex
718 1244 882 1284 Arabia
910 1245 1168 1284 advolantes
1185 1252 1419 1298 serpentes
1439 1245 1597 1285 alatos

281 1300 525 1341 conficiunt
546 1297 692 1340 ibides
715 1313 840 1353 aves,
862 1312 975 1351 quae
1000 1299 1168 1340 idcirco
1195 1313 1340 1341 sacrae
1361 1301 1597 1339 hahentur.

281 1357 381 1408 (75·
399 1359 499 1407 76.)
1218 1381 1220 1383 >

337 1408 589 1469 Aegyptii,
625 1410 830 1451 omnium
856 1408 1094 1450 hominum
1125 1410 1384 1451 doctissimi.
1428 1412 1595 1450 Eorum

283 1480 385 1507 cura
411 1465 632 1519 corporis3
660 1465 784 1507 cibus
811 1473 851 1506 et
873 1467 1172 1518 potus.(77.)
1202 1468 1254 1506 In
1277 1465 1595 1506 comessatione

280 1523 582 1564 meminerunt
613 1522 780 1562 mortis.
803 1523 924 1572 (78.)
973 1523 1164 1561 Carmen
1196 1522 1391 1576 patrium
1430 1522 1598 1562 Mane-

280 1593 385 1622 ros.
421 1578 498 1630 qui
523 1576 702 1617 Graecis
727 1576 894 1619 Linus.
913 1577 1041 1628 (79.)
1085 1578 1245 1618 Honor
1269 1577 1492 1617 maiorum
1520 1590 1596 1615 na-

280 1640 341 1674 tu.
370 1633 583 1674 Salutatio
604 1639 769 1673 mutua.
793 1634 920 1682 (80.)
964 1631 1106 1674 Vestis
1133 1632 1274 1683 linea3
1304 1632 1411 1672 item
1440 1633 1594 1685 lanea,

278 1693 353 1730 sed
382 1692 466 1729 hac
489 1689 669 1729 indutos
696 1690 913 1741 templum
933 1687 1109 1743 ingredi
1134 1689 1271 1729 nefas.
1300 1686 1596 1728 Consentiunt

281 1745 496 1799 Orphica
516 1751 558 1784 et
577 1742 814 1785 Bacchica
838 1744 1057 1795 instituta,
1084 1745 1333 1796 eademque
1351 1741 1592 1800 Aegyptia

280 1807 322 1841 et
351 1798 690 1858 Pythagorica.
713 1801 836 1849 (81.)
881 1802 945 1840 Ex
975 1798 1067 1840 diei
1098 1799 1257 1840 natalis
1288 1806 1329 1839 et
1358 1813 1411 1838 ex
1441 1797 1594 1851 prodi-

278 1857 455 1910 giorum
477 1859 683 1896 adcurata
697 1855 1006 1895 observatione
1022 1855 1286 1908 praedicunt
1305 1855 1467 1893 futura.
1488 1857 1595 1901 (82.)

279 1912 614 1952 Divinationem
641 1911 745 1951 solis
768 1910 852 1951 diis
873 1911 1087 1952 tribuunt.
1107 1908 1234 1964 (83.)
1263 1911 1476 1950 Latonae
1499 1922 1595 1949 ora-

280 1969 445 2008 culum.
468 1965 611 2019 (ibid.
645 1968 746 2006 coll.
772 1980 808 2006 e.
842 1969 958 2015 155.)
1005 1968 1269 2007 Morborum
1297 1965 1489 2005 aliorum
1514 1963 1594 2004 alii

279 2023 457 2063 medici.
480 2052 486 2066 .
508 2026 602 2072 84.)
645 2024 807 2062 Luctus
838 2021 885 2061 in
911 2030 1052 2061 morte
1078 2021 1452 2074 propinquorum.
1470 2021 1594 2070 (85.)

278 2079 459 2132 Triplex
492 2075 863 2118 condiendorum
898 2078 1171 2117 cadaverum
1201 2076 1327 2116 ratio.
1357 2078 1476 2126 (86-
1497 2077 1590 2124 88.)

280 2134 456 2174 Nobilis
480 2133 642 2173 mulier
669 2146 759 2172 non
788 2133 1002 2173 continuo
1031 2139 1129 2185 post
1152 2138 1342 2173 mortem
1373 2129 1593 2171 conditur.

277 2193 404 2242 (89.)
435 2192 471 2230 Α
490 2188 716 2229 crocodilo
736 2195 910 2240 raptus,
933 2195 1009 2228 aut
1039 2188 1178 2228 fluvio
1207 2201 1396 2239 mersus,
1418 2199 1593 2226 sacrum

279 2245 426 2286 funus.
449 2250 574 2296 (90.)
604 2246 656 2284 In
679 2245 789 2284 urbe
808 2243 1012 2284 Chemmi
1038 2245 1252 2296 templum
1274 2239 1450 2285 Persei.
1469 2241 1594 2292 (91.)

333 2301 660 2356 Aegyptiorum
697 2301 796 2340 loca
826 2299 1038 2352 palustria
1067 2298 1360 2339 incolentium
1395 2296 1537 2336 victus
1569 2309 1593 2335 e

279 2359 403 2401 loto,
440 2363 481 2396 et
514 2355 662 2414 byblo.
683 2357 696 2402 (
715 2361 808 2407 92.)
849 2352 1010 2396 Pisces
1034 2356 1244 2412 gregales
1271 2354 1319 2393 in
1341 2365 1462 2392 mare
1490 2364 1594 2390 ena-

275 2420 389 2464 tant,
421 2414 696 2461 redeuntque
731 2411 787 2449 ad
818 2410 1031 2462 parienda
1058 2423 1157 2449 ova.
1179 2413 1303 2462 (93.)
1347 2409 1509 2447 Oleum
1538 2419 1593 2446 ex

278 2466 373 2508 kik-i
392 2483 424 2508 s.
442 2464 727 2521 sillicyprio.
750 2476 763 2513 1x
779 2478 844 2517 94.
862 2474 870 2499 ἲ
893 2465 1160 2505 Remedium
1182 2466 1390 2505 adversus
1408 2459 1594 2502 calices.

278 2526 408 2576 (95.)
456 2523 660 2567 Navium
693 2528 909 2562 structura
934 2528 976 2562 et
1001 2526 1162 2562 cursus.
1186 2522 1309 2572 (96.)
1354 2516 1593 2573 Aegyptia
