1732 2951
300 155 365 213 48
500 147 915 205 VARIETAS
954 149 1399 201 LECTIONIS

298 275 343 310 et
377 270 522 310 Borh.
567 268 789 320 Equidem
821 266 1054 314 πολυψήφιδα
1080 267 1239 321 scripsi
1269 283 1371 309 cum
1405 267 1550 310 msstis
1565 263 1617 311 F.

299 327 387 368 Pa.
415 327 498 366 Pe.
1588 348 1607 370 ·.

355 382 502 424 CAP.
515 382 556 421 L
567 380 653 420 VI.
672 378 781 421 Lin.
795 391 833 419 2.
853 377 1008 426 ου’ἓκμὲἷ)
1022 377 1157 423 οὐδαμῆ
1169 378 1477 422 Arch.W1-:ss.
1495 403 1546 411 —
1563 381 1620 421 οὖ-

297 437 396 483 Sulmo&
413 439 465 477 F.
481 437 568 478 Pa.
585 438 636 475 Et
656 442 906 476 constanter
917 433 1101 486 quidem
1115 434 1200 475 isto
1217 442 1396 475 accentu
1415 438 1530 477 hanc
1542 449 1619 476 vo-

300 507 395 532 cem
424 499 546 532 notat
572 492 691 531 idem
717 492 765 530 F.
825 491 854 530 l.
873 494 910 530 3.
928 490 1170 543 βκσ-ιλεύσειν)
1189 490 1261 531 Sic
1278 489 1441 530 Medic.
1469 490 1616 532 Vinci.

296 548 445 590 Arch.
467 550 613 602 Vulgo
627 549 826 590 [Ξκσιλεύειν.
846 547 1006 585 Wfiss.
1026 570 1082 576 -—
1111 548 1223 585 Cum
1249 547 1362 586 Med.
1380 546 1484 587 facit
1499 549 1550 587 F.
1574 553 1617 588 et

298 601 543 648 Ρανὶδίηἰ,
564 611 747 655 excepto
771 602 857 643 Pb.
925 602 953 640 l.
978 613 1020 649 4.
1042 600 1263 654 παύσεσθαι)
1286 603 1486 643 παύσασθαι
1503 603 1616 644 Αἶά.

298 662 450 699 VVsss.
488 682 532 688 —-
564 659 753 699 ποιός-εσθαι
774 659 841 697 ed.
857 658 1012 710 steph.
1035 666 1077 697 et
1091 671 1213 709 seqq.
1235 658 1617 700 consentientibus

297 715 439 756 msstis
452 746 462 765 7
482 723 665 767 excepto
680 713 839 753 iterum
854 713 938 755 Pb.
999 716 1027 754 l.
1050 717 1085 753 5.
1106 714 1181 758 τούς
1194 712 1257 766 ἓν)
1272 712 1396 753 Defit
1411 714 1454 753 οἳν
1467 713 1616 755 Arch.

299 771 376 823 qui
407 770 553 811 statim
583 773 817 820 προσκτῖσκι,
850 783 1102 823 perperam.
1132 769 1286 809 less.
1357 770 1387 808 I.
1419 771 1456 809 8.
1482 769 1617 824 γένεος)

295 830 406 872 γένους
433 828 521 868 Ρα.
586 822 712 864 Ibicl.
742 828 858 865 τκῧτκ
878 826 946 874 γοέρ
968 822 1004 867 ἧν
1032 823 1146 878 etc.)
1172 826 1336 880 Ingens
1367 824 1542 865 orditur
1566 825 1618 866 in

304 880 449 922 Vind.
497 888 539 921 et
577 880 725 922 Arch.
765 881 998 930 Vallaque
1039 879 1185 920 hiatus
1199 911 1210 931 ,
1244 882 1300 919 ad
1335 880 1615 933 principium

298 952 393 990 cap.
410 942 474 990 69.
495 951 661 989 usque;
689 935 810 975 idem
837 935 884 974 in
915 936 1055 976 tribus
1089 933 1358 976 Vaticanis.
1385 938 1542 976 Wssss.
1561 952 1618 970 -s

297 995 456 1034 Nullus
479 1007 502 1033 e
527 1007 602 1033 sex
623 991 784 1031 nostris
808 991 1039 1032 codicibus
1060 991 1183 1031 hiatu
1209 991 1292 1032 isto
1309 993 1500 1032 laborat.
1529 994 1616 1033 Sed

295 1056 339 1088 et
375 1050 544 1089 Vallae
565 1049 822 1099 exemplum
849 1047 1052 1087 immune
1074 1050 1131 1087 ab
1156 1049 1315 1087 eodem
1335 1047 1458 1088 hiatu
1481 1048 1618 1088 fuisse

295 1105 482 1158 agnovit
499 1104 662 1144 deinde
680 1104 828 1143 PVess.
840 1103 1106 1156 monuitque
1122 1103 1169 1142 in
1180 1100 1436 1144 Addendis.
1493 1104 1523 1143 l.
1555 1117 1619 1146 ιο.

295 1160 429 1206 οὐδαμῆ
450 1158 521 1213 κω)
533 1159 665 1204 οὐὲκμῆ
679 1178 728 1198 κω
744 1166 971 1199 enotatum
988 1174 1040 1199 ex
1063 1161 1144 1200 Pe.
1174 1161 1227 1198 In
1246 1160 1292 1198 F.
1306 1166 1366 1199 est
1381 1159 1528 1202 οὗδκμ-ἰίι
1549 1177 1612 1205 κω,

297 1218 420 1267 quod
443 1218 558 1256 valet
576 1214 714 1264 οὐδαμῇ
732 1229 802 1254 κως
823 1228 1071 1267 numquam
1088 1214 1209 1255 enim
1229 1214 1276 1253 in
1290 1216 1377 1255 hoc
1393 1215 1490 1254 cod.
1510 1215 1616 1256 sub-

293 1271 503 1312 scribitur
527 1270 616 1310 iota
631 1300 643 1322 ⁷
675 1277 927 1311 constanter
951 1272 1008 1310 ad
1028 1272 1144 1311 latus
1164 1269 1364 1323 ponitur.
1431 1271 1461 1309 l.
1483 1284 1546 1310 11.
1573 1272 1615 1312 ro*

295 1324 328 1367 δὲ
345 1326 625 1369 mummolum-rou
640 1323 749 1379 eto)
772 1327 892 1368 Haec
904 1326 953 1365 in
970 1340 1076 1367 usus
1092 1339 1195 1367 suos
1208 1325 1616 1378 deposuitStepha-

294 1395 384 1423 nus
404 1384 520 1438 Byz.
532 1381 579 1421 in
600 1380 713 1421 Bibl.
729 1381 862 1423 Coisl.
882 1397 926 1435 p.
941 1384 1037 1424 288.
1055 1383 1221 1423 mutata
1233 1383 1500 1434 plerumque
1519 1380 1615 1421 dia-

293 1438 425 1478 lecto.
450 1441 604 1479 WEss.
630 1458 682 1466 -
712 1439 1074 1481 πουλυπλοένκτον
1094 1453 1148 1479 ex
1162 1436 1290 1479 Aldo
1311 1444 1612 1493 propagatum

295 1500 446 1534 tenent
461 1493 680 1534 editiones
694 1506 861 1535 omnes.
883 1496 1131 1535 Commode
1154 1507 1261 1534 vero
1278 1493 1455 1534 monuit
1468 1495 1614 1535 Koen.

294 1551 350 1589 ad
383 1551 578 1608 Gregor.
601 1548 709 1588 dial.
736 1549 827 1589 ion.
852 1550 889 1605 §.
918 1563 979 1591 12.
1000 1563 1221 1603 nusquam
1245 1549 1354 1589 alibi
1376 1550 1498 1602 apud
1519 1551 1612 1589 No-

293 1613 385 1647 stru
394 1622 435 1646 m
462 1604 652 1660 reperiri
669 1604 800 1645 istam
827 1606 1018 1646 formam
1035 1607 1161 1652 πουλδς
1181 1604 1287 1659 (pro
1307 1605 1415 1650 πελύς
1432 1606 1505 1645 vel
1525 1617 1611 1645 πολ-

293 1663 374 1712 λόςῇΙ
390 1662 477 1702 nisi
488 1664 532 1702 h.
548 1663 574 1701 l.
593 1668 634 1700 et
651 1663 733 1700 III.
749 1665 814 1702 38.
845 1664 992 1702 Habet
1007 1669 1155 1702 autem
1172 1663 1214 1700 h.
1230 1663 1257 1700 l.
1273 1662 1611 1706 πολυπλάνητος

293 1731 374 1757 ms.
395 1720 442 1756 F.
481 1730 699 1758 πολλυπλκν.
720 1719 802 1759 Pe.
824 1717 1036 1770 idemque
1061 1719 1111 1757 F.
1144 1719 1226 1757 III.
1248 1720 1311 1759 38.
1337 1715 1428 1756 πολύ
1447 1735 1504 1762 τι,
1527 1715 1609 1755 ubi

294 1775 432 1827 vulgo
454 1774 564 1814 πσυλύ
581 1791 626 1812 τι.
695 1775 724 1812 l.
762 1787 823 1815 12.
846 1774 1015 1827 Φθιῶτιν)
1038 1778 1170 1816 Φθιῖτιν
1192 1774 1259 1813 ed.
1281 1767 1459 1827 SChaff
1482 1777 1525 1811 et
1544 1771 1609 1812 Sic

292 1831 446 1881 paullo
487 1835 588 1881 post
616 1830 832 1874 Ἰστιειιῆτιν,
862 1843 946 1883 pro
975 1832 1193 1881 'straza—w,
1222 1828 1374 1868 invitis
1398 1827 1527 1867 libris
1556 1840 1609 1867 ac

293 1893 469 1936 praeter
487 1884 803 1925 necessitatem.
873 1887 902 1925 l.
933 1890 993 1926 13.
1017 1883 1253 1938 τνῖνὍσο-αυ)
1272 1883 1343 1924 Sic
1358 1884 1468 1924 Ald.
1494 1883 1608 1923 Med.

292 1942 448 1994 steph.
477 1941 667 1996 [nempe
689 1941 972 1998 Steph.Byz.
992 1943 1022 1981 l.
1046 1939 1108 1994 c.]
1135 1942 1282 1995 Vulgo
1301 1939 1432 1982 ’'Oa-sm
1447 1941 1605 1979 WEss.

294 2020 348 2027 —
371 1998 500 2041 ’'Ownv
524 2004 626 2036 ante
658 1997 804 2038 Gron.
827 1999 1040 2037 edebatur
1065 1997 1170 2036 inde
1199 1999 1254 2036 ab
1276 1996 1428 2035 Henr.
1450 1993 1608 2047 steph.

294 2052 345 2092 In
372 2053 507 2093 ’‘Oa-mv
536 2066 638 2092 cum
658 2051 786 2093 Aldo
810 2061 852 2093 et
886 2054 998 2094 Med.
1033 2053 1317 2093 consentiunt
1337 2051 1443 2092 libri
1466 2049 1608 2091 nostri

294 2121 471 2154 omncs,
502 2108 616 2148 Sicut
642 2115 686 2147 et
714 2111 815 2149 VII.
845 2112 933 2149 128.
1005 2112 1033 2149 l.
1071 2122 1132 2159 14.
1166 2106 1386 2161 Οὗλνμπεν)
1420 2109 1606 2151 ’'Oxum-ov

291 2164 429 2205 Pass.
454 2165 537 2204 ΨΕ
548 2178 606 2205 ss.
638 2187 692 2194 -—-
720 2167 955 2205 Fluctuant
972 2166 1018 2204 in
1035 2164 1231 2205 nominis
1251 2164 1468 2216 scriptura
1485 2160 1606 2202 libri.

294 2219 348 2259 cf.
365 2221 467 2260 VII.
491 2223 578 2259 128.
596 2227 637 2259 et
660 2224 747 2267 173.
778 2224 862 2261 Per
884 2222 1216 2276 diphthongum
1237 2233 1372 2272 supra
1393 2214 1606 2258 effereba-

294 2283 366 2315 tur
382 2290 416 2316 c.
433 2279 497 2318 36.
513 2280 630 2325 ct43.
645 2276 790 2316 ubido
805 2278 1028 2334 Phrygiae
1039 2279 1255 2330 Olympo.
1285 2276 1448 2316 Eadem
1467 2273 1606 2326 scrip-

294 2339 393 2373 tura
417 2335 461 2373 h.
486 2334 514 2373 l.
537 2346 589 2371 cx
618 2332 721 2371 edit.
745 2334 854 2373 AM.
876 2334 921 2372 in
951 2335 1147 2385 reliquas
1167 2345 1320 2371 omues
1341 2330 1536 2371 transiit:
1561 2334 1607 2368 at

287 2389 472 2434 Ὄλυμπον
489 2388 743 2441 praeferunt
767 2403 862 2428 mss.
887 2390 935 2428 F.
958 2392 1045 2430 Pa.
1069 2389 1152 2430 Pb.
1176 2388 1258 2428 Pe.
1276 2387 1365 2428 Pd.
1398 2385 1607 2427 Videtur-

296 2459 383 2497 que
405 2446 468 2486 sic
491 2445 622 2486 etiam
641 2445 855 2497 scriptum
882 2459 971 2486 csse
998 2445 1044 2484 in
1065 2443 1181 2485 Med.
1205 2445 1258 2484 de
1284 2456 1374 2496 quo
1396 2441 1606 2495 ambigue
