1732 2951
479 163 1043 214 PRAEFATIO.
1385 179 1424 212 v

113 280 172 322 ris
204 283 267 320 est
293 292 452 318 vocare
467 310 479 332 ‚
511 279 558 318 in
580 277 827 332 marginem
852 274 1069 317 transtuli.
1095 275 1181 315 Sed
1208 277 1423 326 quasdam

112 345 306 387 vicissim
348 345 516 384 maiore
555 344 709 398 dignas
748 345 926 383 honore
968 341 1191 392 iudicavi,
1229 340 1424 391 ideoque

109 414 210 453 illas
233 412 339 451 hinc
364 411 473 451 illuc
503 410 720 451 transtuli.
750 410 867 450 Inde
886 415 1000 462 post
1017 408 1193 448 Aldum
1215 404 1422 459 scriptas

111 479 405 520 membranas
448 476 499 517 in
541 474 794 517 consilium
827 472 1031 521 misisse,
1073 481 1210 526 atque
1241 487 1298 513 ex
1324 470 1424 512 illis

109 560 164 585 ea
195 542 288 584 sibi
322 550 366 584 et
402 543 653 583 Herodoto
690 538 900 598 elegisse,
940 555 1056 593 quae
1086 537 1287 592 potiora
1323 552 1424 578 cen-

108 617 301 657 suerat,
329 610 551 663 adparet‚·
575 607 652 660 Σ·“””)
692 621 969 660 quamquam
1000 613 1045 646 et
1072 606 1126 646 de
1148 605 1424 646 coniectura

101 692 265 731 pauca
295 674 503 730 refinxit.
557 676 688 727 Quae
715 671 898 726 quidem
919 670 1112 712 libertas
1138 672 1424 723 laudem'po·

115 742 242 789 tius,
269 757 405 795 quam
433 738 791 781 insultationem
811 754 867 779 ac
889 738 1101 780 odiosam
1123 735 1424 778 criminatio-

112 824 244 855 nem,
282 804 468 847 meruit.
515 804 794 847 Peccaverit
833 803 911 846 vir
942 803 1121 862 egregie
1150 805 1337 845 sedulus
1372 801 1422 843 in

110 862 417 917 quibusdam:
468 860 587 914 quid
625 859 723 901 illis
768 876 857 901 usu
902 859 1061 907 venit,
1102 858 1184 913 qui
1229 858 1422 899 schedas

110 927 320 971 omnium
363 926 766 968 emendatissimas
809 924 1151 968 ostentarunt?
1198 925 1331 978 Opus
1370 924 1421 964 in

109 1002 280 1036 cuncto
311 995 399 1035 hoc
422 1010 588 1052 genere
623 1010 741 1034 cura
769 1001 865 1040 est,
902 1009 1040 1047 quam
1075 993 1280 1032 humana
1310 1006 1422 1032 con-

114 1060 237 1102 ditio
257 1059 496 1109 admittit,
530 1059 778 1118 diligente.-
811 1075 864 1100 ea
886 1061 1151 1113 prudenter
1186 1057 1420 1103 insumta,

103 1126 149 1167 si
183 1125 265 1180 qui
303 1128 504 1175 cadant,
544 1127 754 1185 maligna
785 1120 1143 1167 criminationis
1176 1122 1418 1164 traductio

103 1193 258 1233 abesse
287 1193 439 1240 debet;
472 1201 517 1235 et
548 1194 637 1235 hoe
666 1191 844 1250 magi.s‚
883 1190 1107 1246 quoniam
1137 1188 1418 1230 vetustiores

105 1266 151 1300 et
170 1257 420 1313 probiores
452 1259 634 1301 codices
665 1257 905 1307 nancisci,
920 1257 1159 1317 fortunae
1183 1258 1418 1310 quoddam

105 1370 195 1422 329'011
220 1371 292 1423 (id
313 1380 389 1419 est,
409 1372 603 1423 γράφεται)
624 1388 738 1423 prae-

109 1428 201 1466 fixit
223 1429 387 1473 Editor⁷
409 1435 540 1465 tamen
562 1443 651 1477 pars
678 1443 738 1467 ea-

109 1484 297 1521 rumdem
330 1497 410 1520 non
445 1485 523 1520 nisi
559 1488 738 1522 coniectu-

109 1553 174 1576 rae
196 1545 312 1585 sunt,
342 1552 388 1576 ex
408 1540 558 1588 quibus
577 1541 738 1577 mendo-

107 1607 167 1630 sas
200 1607 298 1643 quas
330 1595 404 1631 ille
434 1595 630 1632 iudicavit
659 1597 736 1633 Al-

106 1649 221 1686 dinas
258 1650 446 1686 lectiones
485 1651 736 1700 corrigendas

105 1704 274 1741 censuit.
307 1706 498 1741 Alterum
521 1712 578 1742 est
598 1706 736 1742 lectio-

108 1772 209 1796 num
226 1760 517 1810 marginalium
539 1773 661 1810 genus
675 1774 737 1798 ea-

107 1827 200 1850 rum
213 1842 222 1860 ‚
243 1828 342 1863 quas
357 1827 404 1851 ex
421 1818 559 1853 Aldino
574 1823 734 1853 contex-

109 1875 154 1906 tu
169 1897 178 1914 ‚
229 1876 434 1919 tamquam
478 1872 733 1908 manifestius

105 1924 284 1971 vitiosas,
319 1926 437 1962 eiecit
470 1927 628 1971 Editor,
668 1928 732 1963 sed

110 1984 241 2015 tamen
262 1982 304 2015 in
324 1994 390 2017 ora
406 1981 649 2019 adnotandas
673 1983 734 2018 iu-

107 2034 268 2073 diCavit.
291 2036 476 2083 Denique
491 2038 656 2074 tertium
675 2050 734 2087 ge-

106 2102 183 2125 nus
198 2091 275 2126 tale
289 2097 366 2136 est,
384 2097 429 2127 ut
447 2093 628 2129 dubitari
644 2094 736 2142 qui-

103 2144 193 2180 dem
208 2145 274 2181 vix
296 2146 416 2194 possit
431 2159 511 2184 esse
532 2160 592 2184 eas
609 2160 629 2183 e
642 2156 733 2185 msto

108 2200 199 2236 libro
214 2200 350 2237 ductas
364 2218 371 2243 ς
394 2203 732 2251 quemadmodum

107 2255 228 2291 etiam
244 2258 398 2294 multae
409 2270 454 2294 ex
469 2258 542 2302 his,
561 2271 665 2307 quae
679 2260 735 2295 lo-

106 2322 150 2345 co
172 2311 390 2348 eiectarum
418 2313 667 2350 Aldinarum
689 2314 733 2350 in

108 2371 290 2402 contextu
313 2369 505 2416 Stephani
540 2370 734 2407 exhiben-

112 2425 190 2465 tur⁷
202 2421 308 2459 haud
329 2423 453 2460 dubie
469 2436 491 2460 e
505 2426 670 2462 vetustis
686 2426 735 2461 li-

784 1375 869 1411 bris
888 1375 1030 1411 ductae
1049 1378 1157 1410 sunt.
1189 1373 1261 1409 Sed
1281 1372 1329 1408 de
1345 1373 1416 1409 hoe¹

782 1442 924 1480 genere
942 1430 997 1466 ita
1019 1428 1279 1466 statuendum
1303 1428 1416 1465 vide-

784 1492 876 1522 tur:
912 1498 1030 1521 usum
1058 1496 1137 1520 esse
1164 1485 1415 1532 Stephanum

783 1542 966 1588 exemplo
991 1540 1166 1588 quodam
1188 1539 1269 1575 sive
1296 1539 1415 1576 Aldi-

784 1609 858 1632 nae
877 1597 958 1632 sive
976 1595 1245 1644 Hervagianae
1259 1593 1414 1631 Editio-

782 1652 873 1696 nis,
910 1650 1027 1687 cuius
1072 1650 1116 1685 in
1159 1649 1413 1698 marginibus

783 1706 932 1755 partim
974 1705 1162 1741 lectiones
1203 1717 1223 1740 e
1265 1718 1413 1741 manu-

783 1763 931 1810 scripto
958 1760 1131 1809 quodam
1153 1759 1305 1805 codice7
1329 1757 1413 1808 (si-

781 1829 827 1853 ve
857 1817 925 1852 illi
958 1817 1095 1864 plures
1127 1814 1281 1863 fuera)
1323 1820 1412 1864 par-

782 1873 856 1908 tim
871 1883 964 1908 vero
985 1871 1089 1908 docti
1117 1871 1326 1907 cuiusdam
1348 1872 1410 1907 vi-

782 1928 817 1963 ri
849 1927 1112 1966 Coniecturae
1146 1927 1202 1962 ita
1238 1928 1412 1974 promis-

780 1995 853 2019 cue
887 1982 1096 2018 adnotatae
1135 1981 1329 2026 fuissent,
1365 1987 1411 2017 ut

780 2039 958 2074 incersus
994 2037 1166 2074 subinde
1205 2037 1289 2085 ipse
1325 2038 1410 2074 Ste-

781 2095 938 2142 phanus
962 2092 1110 2137 fuerit,
1144 2098 1285 2128 utrum
1306 2105 1326 2128 e
1347 2105 1409 2130 ve-

782 2154 886 2185 tusto
931 2148 1064 2184 codice
1112 2147 1231 2184 ducta
1271 2148 1411 2184 fuisset

779 2204 919 2253 aliqua
953 2204 1181 2251 scriptura,
1219 2216 1271 2239 au
1310 2217 1410 2239 nou-

781 2260 861 2295 nisi
896 2260 1149 2295 coniecturae
1181 2258 1408 2295 deberetur.

782 2315 910 2352 Cuius
939 2314 993 2350 rei
1021 2327 1151 2362 quum
1177 2316 1307 2350 multa
1325 2316 1408 2350 alia

781 2370 886 2406 mihi
910 2370 1019 2405 visus
1042 2382 1131 2405 sum
1163 2370 1315 2405 indicia
1338 2370 1409 2405 obv

781 2437 956 2469 servare,
980 2431 1066 2461 tum
1088 2424 1192 2459 illud
1215 2425 1309 2461 satis
1327 2437 1410 2460 lna·-
