1732 2951
511 192 1084 242 PRAEFATIO.
1343 209 1447 242 xxv

139 310 342 355 aienses,
371 305 428 361 q)
469 322 600 360 quem
639 305 802 346 Ctesias
830 305 915 345 sub
951 305 1139 363 Olymp.
1167 302 1448 345 LXXXVIII.

140 391 235 418 non
263 375 410 416 multo
438 383 547 413 ante
573 369 863 414 Artaxerxis
898 369 1078 413 obitam
1107 370 1164 411 ab
1197 386 1302 427 rege
1332 366 1451 427 defe-

139 441 262 484 cisse⁴
305 448 443 493 atque
490 439 702 481 Athenas
740 435 945 485 abiisse,
975 438 1024 491 r)
1073 435 1452 478 conmemoravit.

148 509 325 550 Verum
354 508 407 547 de
435 504 508 545 his
538 505 732 545 abunde.

125 678 127 680 .
195 639 300 690 Ouo
332 651 471 690 usqae
496 634 644 677 vitam
672 632 956 682 extenderit,
994 641 1039 674 et
1071 632 1152 674 ubi
1178 633 1278 674 eius
1295 633 1450 690 finem

125 702 305 762 jecerit
318 733 336 753 ,ι
351 701 535 756 partim
571 700 864 755 scriptorum
900 699 1236 747 taciturnitas,
1266 698 1452 753 partim

138 768 403 813 discordia,
438 767 488 809 in
524 768 666 809 dubio
705 766 946 820 relinquit.
995 767 1150 808 Suidas
1177 768 1217 820 s)
1255 765 1453 807 Thuriis

140 850 405 890 supremum
431 830 602 875 obiisse
626 833 746 874 diem
769 842 813 874 et
837 833 887 874 in
898 831 1024 887 soro
1051 832 1181 874 urbis
1203 842 1453 875 contuma-

139 904 286 942 latum
305 900 552 954 perhibet;
584 916 678 941 esse
709 908 883 945 tamen,
914 899 996 952 qui
1022 901 1182 940 Pellae
1213 899 1262 940 in
1294 903 1452 941 Illace-

138 964 281 1005 donia
302 965 546 1006 decessisse
567 966 621 1005 de
644 964 766 1010 vita,
787 966 938 1004 aiant.
978 963 1030 1005 Si
1049 965 1450 1019 Marcelliuofides

136 1038 350 1077 constat,
383 1029 421 1084 t)
449 1032 717 1084 sepulcrum
747 1028 992 1071 Herodoti
1019 1032 1084 1070 ad
1102 1039 1273 1084 portas
1304 1032 1450 1072 Ache-

119 1111 304 1137 ›narum
345 1096 592 1138 Melitidas
640 1095 690 1137 in
731 1098 908 1143 Coela,
951 1095 1032 1136 ubi
1069 1097 1223 1142 Κιμώνιοι
1257 1101 1448 1142 ammon-x,

136 1163 468 1204 ostendebatur
499 1162 627 1204 olim.
684 1164 816 1216 Quae
843 1164 897 1203 de
928 1178 1028 1202 mea
1057 1161 1241 1215 quidem
1269 1171 1451 1203 senten-

137 1226 206 1269 tia
237 1227 450 1281 expediri
475 1237 730 1282 nequeunt,
751 1226 848 1269 nisi
872 1226 1155 1280 cenotaphia
1189 1226 1450 1281 tumulique

135 1293 390 1336 honorarii
409 1293 458 1335 in
480 1293 719 1340 auxilium
736 1303 977 1335 vocentur.
1016 1296 1136 1341 Τοὲςῑος
1157 1302 1310 1336 tamen
1333 1298 1450 1334 Mar-

136 1360 321 1413 cellino,
349 1376 440 1414 quo
465 1362 519 1402 de
539 1363 596 1402 H.
618 1361 846 1402 Dodwclli
867 1360 916 1415 u)
946 1362 1185 1402 luculenta
1209 1368 1278 1401 est
1296 1359 1449 1402 anim-

136 1424 357 1467 adversio.

745 1564 832 1602 ΙΙ.

296 1662 705 1702 SCRIPTA
763 1664 1284 1704 HERODOTI.

186 1773 267 1817 EX
302 1773 532 1826 Scriptis
571 1772 745 1814 summi
773 1772 871 1815 viri
901 1776 1029 1816 solae
1056 1776 1122 1815 ad
1153 1790 1244 1816 nos
1277 1773 1445 1816 iucun-

133 1837 352 1880 dissimae
377 1855 438 1893 ix.
470 1843 632 1881 Musis
661 1841 950 1882 devenerunt.
1013 1844 1162 1888 ZVam,
1182 1843 1358 1889 ἘΞ-κίνησιν
1389 1843 1443 1882 de

133 1904 222 1945 vita
255 1906 444 1946 Homeri
482 1904 676 1946 titulum
707 1905 927 1948 ementiri
955 1915 1000 1948 et
1026 1909 1330 1949 Herodotum
1360 1923 1445 1948 au-

133 1979 308 2013 ctorem
332 1987 582 2026 perperam
608 1973 768 2020 edere,
793 1972 988 2026 liquidis
1017 1987 1176 2014 reram
1197 1989 1448 2032 argumen-

135 2035 196 2078 tis
219 2036 412 2079 evicisse
441 2054 511 2079 me
538 2048 677 2093 pato.
724 2039 911 2094 Ipse-ne
938 2038 1278 2083 Historiarum
1308 2038 1446 2081 libris

132 2105 279 2144 Musas
304 2103 636 2159 inscripserit,
654 2120 750 2148 non
768 2105 927 2161 liquet.
959 2107 1180 2148 Lucianus
1196 2136 1205 2152 ‚
1230 2106 1277 2160 x)
1308 2105 1446 2147 cuius

132 2171 312 2221 Vossius
333 2179 378 2212 ct
398 2173 623 2213 Fabricius
646 2171 787 2214 obliti
808 2188 904 2214 non
929 2181 1066 2221 sant,
1093 2173 1338 2215 hominum
1361 2175 1446 2215 ad-

184 2295 238 2344 q)
268 2295 357 2332 Lib.
374 2297 440 2333 111.
463 2309 495 2333 c.
520 2298 599 2334 ult.
657 2294 695 2345 r)
718 2297 858 2335 Persic.
877 2312 962 2346 cap.
985 2306 1050 2343 42.
1125 2296 1163 2349 s)
1192 2300 1239 2335 In
1256 2295 1440 2347 Ἡρόδοτος.

133 2347 173 2397 t)
213 2351 310 2387 Vita
338 2352 560 2400 Thucydid.
591 2366 630 2401 p.
665 2353 702 2389 5.
740 2353 798 2401 [p.
832 2367 886 2390 1x.
910 2354 972 2390 ed.
994 2351 1098 2403 Bip.]
1172 2353 1217 2402 u)
1247 2357 1443 2402 Apparat.

127 2404 176 2442 ad
197 2406 350 2444 Annal.
366 2408 587 2456 Thucydid.
603 2409 702 2445 Sect.
732 2423 789 2447 x1.
816 2405 973 2461 [immo
1008 2410 1109 2447 Sect.
1141 2424 1206 2447 xx.
1229 2423 1266 2458 p.
1297 2409 1357 2447 15.
1378 2409 1437 2448 ed.

125 2457 250 2510 Duk.]
305 2459 354 2512 x)
382 2465 427 2500 In
445 2463 642 2501 Herodoto
659 2475 691 2501 c.
709 2477 736 2501 1.
