1732 2951
276 232 424 265 xvnt
665 215 1252 267 PRAEFATIO.

275 331 383 383 Qua
408 344 466 371 ea:
500 328 718 371 libertale
751 328 881 370 nihil
909 328 1213 375 inconmodi,
1252 328 1395 374 immo
1427 331 1495 371 ad
1524 342 1600 372 vem

271 395 496 443 ritatem,
526 398 665 438 modo
697 396 948 437 verborum
979 394 1105 437 absit
1134 396 1423 439 contumelia
1455 406 1500 439 et
1530 397 1600 439 ri·-

268 461 421 504 :candi
439 461 691 514 pruritus,
721 461 946 504 eonmodi
979 464 1193 503 multum.
1228 463 1371 504 Illam
1401 479 1472 505 me
1499 480 1599 505 am-

258 532 456 586 plexum
473 560 483 573 .
510 545 601 583 pro
627 537 782 570 vetere
802 527 1048 575 amicitia,
1081 543 1177 570 non
1209 545 1346 588 aegre
1360 529 1494 588 feret
1520 530 1599 572 vir

267 594 586 638 doctissimus.
650 594 915 644 Laudabit,
957 604 1034 636 sat
1073 595 1206 643 seio,
1251 596 1398 638 istum
1444 595 1597 638 animi

267 663 359 705 m'ei
391 662 606 705 habitum
642 667 719 705 Fr.
744 666 876 705 Lud.
912 665 1292 719 Abreschius,
1327 664 1406 706 vir
1436 666 1596 712 Clar.,

266 730 348 772 cui
373 730 535 772 varias
560 733 626 772 ad
655 729 971 773 intricatiora
1000 731 1247 774 Herodoti
1277 734 1416 774 verba
1443 731 1599 774 anim-

264 797 561 840 adversiones
581 807 627 839 et
656 796 1018 852 explanationes
1049 807 1266 853 acceptas
1279 797 1412 855 fero.
1444 802 1596 846 Μεγάλη

265 864 342 906 illi
378 874 426 906 et
463 866 648 907 Reiskio
680 867 794 917 χάρις.
852 863 1079 907 Eiusdem
1115 867 1186 908 Cl.
1219 869 1283 907 Io.
1319 870 1423 907 Ern.
1463 870 1596 908 Imm.

262 933 467 973 Walchio
503 934 560 974 ob
600 947 731 973 ceras
773 930 1056 973 miniatulas
1093 932 1414 975 eruditissimi
1447 937 1594 975 Carol-

260 1002 378 1040 Sam.
397 999 775 1051 Schurzsseischii‚
805 998 855 1039 in
879 997 1049 1053 quibue
1070 1000 1323 1042 doctorum
1352 1000 1596 1049 virorum,

265 1063 495 1116 Bocharfi,
538 1063 695 1116 Fabri,
735 1063 924 1117 valesii,
976 1063 1122 1104 Vossii
1165 1071 1210 1104 et
1249 1062 1488 1111 aliorum,
1539 1065 1596 1105 de

262 1131 500 1169 Herodoto
534 1143 631 1170 non
661 1129 781 1169 male
816 1127 1128 1176 meritorum,
1166 1127 1380 1177 indicia,
1414 1130 1594 1171 exseri-

250 1206 369 1251 ptas·
395 1211 452 1237 ex
482 1197 704 1237 Gothana
734 1194 1061 1241 Bibliotheca,
1094 1196 1282 1238 debitor
1317 1212 1437 1238 sum.
1493 1198 1593 1240 Ad-

264 1265 434 1305 leverat
468 1277 564 1304 non
603 1264 805 1303 multum
851 1261 1105 1304 dissimiles
1135 1262 1432 1321 marginibus
1463 1266 1592 1305 Her-

261 1328 459 1387 vagiani
485 1328 686 1384 emempli
712 1328 832 1370 anni
855 1345 1044 1371 MDXLI.
1074 1333 1136 1370 M.
1156 1332 1338 1384 Sladus,
1367 1347 1482 1385 quas
1506 1332 1592 1373 Ce-

262 1399 346 1438 leb.
376 1400 466 1438 Pet.
499 1400 780 1437 Burmannus
811 1399 1067 1451 Secundus,
1112 1398 1283 1438 talium
1322 1390 1453 1438 haud
1474 1413 1593 1452 par-

261 1480 344 1506 eus
371 1479 572 1519 promus
611 1465 819 1511 condus,
852 1479 977 1505 meas
1013 1479 1134 1511 esse,
1178 1471 1232 1505 ut
1270 1462 1371 1505 alia
1409 1467 1592 1513 multa,

261 1530 444 1577 voluit,
474 1547 557 1572 nec·
581 1546 676 1573 non
707 1535 760 1572 Is.
788 1532 935 1574 Vossii
964 1531 1292 1579 coniecturas,
1321 1547 1466 1573 manu
1495 1548 1593 1573 ma-

256 1598 345 1657 gni
373 1600 555 1640 Graevii
577 1598 786 1654 scriptas
805 1630 816 1645 ‚
847 1607 893 1641 et
917 1603 1005 1640 Iac.
1030 1601 1118 1640 Ph.
1149 1599 1387 1639 D'Orvillii
1411 1601 1593 1653 plures.

259 1665 623 1708 D’Orvillianas
653 1665 834 1714 serius,
878 1682 1016 1721 opere
1046 1667 1326 1708 Herodoleo
1345 1664 1452 1722 fini
1473 1681 1593 1720 pro-

260 1732 421 1781 ximo,
456 1732 702 1789 usurpavi,
738 1741 783 1775 et
813 1749 1032 1791 magnam
1058 1741 1248 1788 partem
1283 1733 1350 1774 ad
1375 1747 1594 1774 conmen-

265 1802 445 1841 tarium
479 1800 578 1842 viri
615 1799 936 1842 eruditissimi
971 1800 1022 1842 in
1058 1798 1370 1843 Charitonem
1401 1797 1591 1840 additas

264 1865 506 1916 intellexi,·
549 1865 817 1908 Vossianus
859 1882 1021 1909 coram
1052 1864 1172 1908 mihi
1208 1864 1323 1908 olim
1355 1865 1484 1908 Clar.
1526 1866 1592 1905 Io.

263 1934 476 1986 Alberti,
520 1932 657 1975 cuius
689 1941 888 1975 mortem
930 1935 1142 1975 nondum
1182 1923 1449 1980 eluaeim‘us,
1491 1939 1591 1974 tra-

264 1999 467 2042 diderat.

327 2137 567 2176 SOLIDUM
617 2142 772 2175 tamen
816 2137 906 2175 Pet.
946 2132 1195 2174 Burmanni
1239 2133 1458 2185 Secundi,
1491 2131 1590 2174 viri

263 2199 574 2246 amicissimi,
611 2200 915 2257 beneficium:
946 2191 1039 2241 'c‘z'ci
1067 2208 1112 2241 et
1147 2198 1344 2253 reliquis
1373 2198 1592 2241 omnihus

258 2265 612 2309 laudatissimis
653 2267 924 2309 hominibus
963 2265 1038 2307 uti
1079 2265 1275 2308 debendi
1318 2281 1426 2306 reus
1460 2280 1591 2312 sum,

263 2333 334 2376 ita
371 2349 505 2376 nemo
543 2333 637 2375 sibi
661 2334 907 2376 addictum
944 2332 1094 2392 magis
1126 2340 1170 2374 et
1205 2330 1489 2374 obstrictum
1519 2347 1590 2372 me

261 2409 307 2442 et
341 2404 625 2442 Herodotum
672 2403 836 2449 habet,
878 2417 1018 2455 quam
1051 2403 1100 2440 L.
1142 2403 1188 2440 C.
1232 2402 1312 2441 Vs
1334 2413 1436 2439 ιρις
1458 2413 1590 2439 ENA-

266 2483 287 2507 Β
306 2484 319 2509 1
339 2483 365 2509 U
381 2483 413 2509 s.
454 2471 670 2523 Namque
703 2478 756 2510 ut
787 2476 1016 2523 conperto
1041 2465 1225 2522 accepit
1253 2465 1330 2506 vir
1355 2465 1589 2507 diuturna
