1732 2951
456 235 1046 286 PRAEFATIO.
1316 255 1407 287 xx!

96 364 209 404 quae
226 347 417 404 vulgatis
436 348 586 389 forsan
617 347 833 401 praeferri
864 350 1139 400 debuerant,
1160 360 1252 387 non
1275 352 1415 391 modo

95 416 298 470 qualibet
330 416 378 455 in
417 415 579 471 pagina
609 417 692 456 sub
729 422 934 455 contextu
974 414 1139 468 positas
1174 415 1316 455 oculis
1351 418 1415 455 le-

94 483 297 539 gentium
326 482 536 532 subiecit;
564 495 719 521 verum
743 481 876 520 etiam
904 495 1034 533 saepe
1061 494 1276 532 numero,
1308 495 1414 534 par-

96 552 176 591 tim
202 550 250 590 in
277 550 372 602 ipsa
405 548 550 589 statim
591 545 841 588 Varietate
868 545 1138 593 Lectionis,
1171 548 1335 601 partim
1364 548 1414 588 in

96 615 267 662 Notis,
302 617 421 655 haud
456 616 641 654 obscure
669 612 936 668 significavit
968 613 1282 666 praeferendas
1314 615 1414 655 illas

95 683 184 724 sibi
210 681 369 722 videri.
399 683 530 737 Quod
550 693 656 720 vero
679 682 736 719 ad
759 681 1037 721 coniecturas
1063 688 1254 734 spectat,
1284 681 1330 720 in
1350 681 1413 722 eis

94 747 259 802 (etiam
295 747 374 787 uhi
402 745 634 787 manifeste
678 745 875 798 corrupti
913 760 1006 786 esse
1045 745 1219 787 codices
1256 760 1413 787 omnes

95 813 394 860 videbantur)
441 810 587 862 ipsum
636 807 1000 866 Wesselingium
1042 808 1089 847 in
1128 808 1411 849 praefatione

94 878 292 918 vidimus
309 876 588 931 pel-ingenue
612 875 894 928 profitentem
914 906 925 928 ,
956 873 1220 916 cautiorem
1248 890 1296 915 se
1314 889 1413 915 ma-

96 941 238 983 luisse
262 956 400 995 quam
420 939 725 982 audaciorem
747 939 927 981 videri:
961 948 1002 981 et
1030 941 1131 993 quis
1150 954 1243 980 non
1268 947 1410 993 amet,

94 1010 236 1050 immo
266 1007 512 1048 admiretur
543 1007 684 1063 magis
724 1022 857 1060 quam
891 1009 1061 1060 culpet,
1091 1007 1411 1061 praestantissi-

94 1091 220 1117 mum
240 1075 396 1118 Virum
417 1089 542 1115 suam
564 1075 611 1115 in
636 1077 724 1115 hoc
752 1090 915 1130 genere
948 1075 1229 1115 timiditatem
1261 1075 1410 1128 ipsum

92 1143 162 1183 his
191 1142 338 1183 verbis
363 1149 669 1182 accusantem:
690 1140 744 1195 '‘·)
794 1140 1017 1184 Noa-andi
1047 1142 1101 1183 de
1132 1140 1413 1183 coniectura

91 1208 305 1262 (inquit)
336 1207 582 1250 Herodoti
609 1207 875 1249 orationem
905 1209 1054 1250 metu&
1075 1224 1209 1262 saepe
1234 1223 1410 1250 conan-

95 1283 185 1316 tem
212 1272 517 1329 conpescuit,
541 1272 669 1316 iusto
678 1272 901 1328 fortasse
918 1273 1139 1333 gravior.-
1159 1283 1212 1318 at
1234 1290 1287 1317 eo
1306 1290 1412 1316 sum

94 1338 299 1399 ingenio.
323 1339 375 1395 †)

148 1479 302 1533 QUAE
334 1480 481 1518 adhuc
512 1486 886 1520 commemoratae
918 1487 1021 1521 sunt
1051 1482 1277 1520 Musarum
1304 1479 1410 1519 Edi-

95 1544 261 1597 tiones‚
295 1558 445 1585 earum
475 1559 676 1597 quaeque
704 1545 918 1600 (excepta
950 1545 1242 1602 Glasguensi)
1268 1547 1410 1587 maio-

94 1610 154 1651 ris
177 1610 346 1650 formae
371 1611 603 1651 volumine
631 1612 895 1653 continetur.
926 1616 1059 1653 Anno
1081 1613 1324 1667 superioris
1347 1628 1410 1654 se-

94 1676 185 1716 culi
213 1676 537 1731 septuagesimo
574 1685 730 1718 octavo
760 1677 955 1732 Lipsiae
988 1688 1143 1732 coepta
1167 1687 1253 1731 est,
1285 1687 1409 1719 octu-

93 1741 258 1795 plicata
302 1743 554 1783 chartarum
600 1744 747 1784 forma
763 1775 774 1797 7
821 1745 869 1784 in
916 1747 1062 1785 lucem
1101 1744 1244 1785 emitti
1290 1758 1410 1784 nova

95 1807 339 1849 Herodoti
376 1809 523 1849 Editio
539 1840 550 1862 ‚
599 1810 724 1850 cuius
770 1810 818 1850 in
863 1811 1010 1852 fronte
1058 1812 1203 1851 editor
1246 1812 1346 1850 Fn1
1364 1825 1409 1850 D.

95 1877 135 1915 V
150 1889 175 1914 0
194 1888 332 1915 LGAN
348 1890 388 1914 c.
421 1878 562 1916 Rmz
577 1890 592 1916 1
611 1891 670 1917 us
687 1908 698 1929 ‚
719 1878 790 1916 vir
818 1878 943 1917 omni
965 1877 1258 1918 humanitatis
1286 1879 1407 1918 cultu

96 1941 271 1996 egregie
291 1941 484 1995 politus,
508 1944 616 1983 haec
645 1942 868 1996 professus
901 1950 988 1985 est:
1020 1945 1193 1985 Tea-tus
1228 1947 1409 1985 Wesse-

93 2005 330 2064 lingianus
343 2008 527 2063 passim
547 2010 740 2066 refictus
753 2026 769 2059 ,·
788 2009 1196 2069 Argumentorum
1216 2025 1272 2051 ac
1296 2017 1408 2051 tem-

152 2152 201 2203 *)
230 2157 275 2192 In
311 2156 425 2194 Notis
458 2158 506 2194 ad
539 2159 726 2197 Herodot.
773 2159 1052 2197 notationibus
1073 2159 1307 2201 laudatum3
1329 2158 1404 2207 qui

98 2211 166 2249 VI.
190 2212 254 2248 28.
772 2215 846 2252 hoc
874 2212 1022 2260 1111110,
1059 2216 1193 2252 Petri
1226 2216 1406 2251 VVesse-

150 2261 201 2315 †)
233 2265 414 2303 Editioni
431 2280 524 2305 suae
537 2269 724 2306 Herodoti
772 2272 915 2320 bingii
941 2272 1164 2308 Dissertatio
1191 2271 1404 2307 Her-odotem

101 2321 390 2371 VVesselingius,
410 2324 540 2361 veluti
562 2325 726 2373 prodro-
771 2327 821 2362 ad
846 2328 904 2363 Ti.
919 2326 1231 2363 Hemsterhusium
1257 2326 1303 2361 V.
1323 2325 1380 2362 Cl.
1393 2352 1403 2368 ‚

97 2387 212 2412 mum
241 2377 479 2425 quemdam,
510 2380 727 2428 praemise-
770 2381 943 2419 Traiecti
978 2382 1027 2418 ad
1066 2382 1256 2417 Rhenum
1295 2391 1403 2416 anno

98 2436 161 2467 rat
180 2430 337 2469 librum
363 2434 510 2482 passim
530 2441 570 2473 et
588 2448 611 2472 a
630 2437 728 2474 Val-
778 2437 895 2485 1758.
916 2437 961 2474 in
979 2438 1112 2474 lucem
1133 2436 1266 2473 editus
1285 2440 1356 2472 est.

91 2485 278 2525 ckenario
307 2494 347 2526 et
378 2502 401 2526 a
430 2490 546 2527 nobis
575 2491 621 2527 in
645 2491 729 2529 Ad-
