1732 2951
245 269 362 304 v111
634 250 1186 303 PRAEFATIO.

243 367 419 409 dicibus
457 365 618 407 nostris
658 368 920 419 productas,
965 381 1105 418 quum
1147 362 1403 405 verissimae
1432 362 1565 406 nobis

242 434 363 475 visae
392 440 555 485 essent,
596 434 829 473 Herodoto
876 432 1170 482 restituimus;
1211 429 1406 481 denique
1441 430 1564 470 haud

241 515 383 555 pauca
412 502 532 551 loca,
568 513 680 550 quae
712 501 782 539 vel
812 498 1125 553 W‘esselingio,
1159 499 1231 537 vel
1262 495 1559 537 Valckenario

241 567 528 622 pracsertim,
565 572 638 605 aut
674 574 882 618 corrupta
913 574 989 605 aut
1018 579 1197 617 prorsus
1233 562 1483 603 adulterina
1516 568 1560 603 et

241 635 297 674 ab
323 633 469 674 aliena
501 646 633 672 mann
673 632 893 671 inculcata
927 631 1018 670 visa
1054 639 1201 681 erant,
1235 631 1556 669 demonstrasse

241 699 356 740 mihi
377 699 532 738 videor
553 705 626 738 aut
650 697 836 738 omnino
858 697 1088 737 sollicitari
1116 711 1206 735 non
1231 694 1458 745 debuisse,
1480 700 1557 734 aut
1594 690 1596 692 V

241 766 414 807 leniore
457 766 647 817 quadam
694 763 938 815 medicina,
979 764 1033 802 ab
1074 762 1180 816 ipsis
1218 760 1397 801 vetustis
1427 759 1556 800 libris

239 832 461 883 indicata,
492 830 729 883 pei-sanari.
773 829 1057 869 Coniecturas
1088 842 1215 872 vero,
1249 835 1294 867 ut
1317 825 1555 866 NVesselin-

239 899 364 955 gius,
394 898 456 938 sic
478 904 518 937 et
548 911 627 937 nos
653 909 743 936 non
773 896 857 935 nisi
878 895 1110 936 rarissimis
1136 895 1401 946 quibusdam
1419 892 1466 932 in
1486 894 1554 932 lo-

241 965 374 1005 eisin
407 970 659 1004 contextum
693 962 968 1015 recepimus,
1005 962 1083 1001 ubi
1118 969 1160 1000 et
1193 960 1425 1000 manifesto
1456 973 1554 1000 cor-

241 1038 369 1085 rupta
398 1045 489 1071 esse
522 1030 742 1070 librorum
781 1029 983 1068 omnium
1012 1027 1229 1080 scriptura
1261 1026 1391 1067 nohis
1427 1026 1554 1066 vide-

239 1100 392 1143 batur,
414 1105 456 1137 et
475 1096 726 1137 emendatio
749 1095 1030 1146 occurrebat,
1053 1107 1166 1144 qnae
1184 1107 1275 1133 non
1293 1094 1429 1133 modo
1449 1107 1555 1146 pro-

239 1164 424 1216 babilis,
458 1165 534 1204 sed
556 1169 597 1203 et
624 1170 739 1202 certa
761 1170 895 1214 atque
924 1161 989 1202 ita
1011 1161 1194 1202 evidens
1222 1160 1473 1214 videretur,
1504 1166 1554 1200 ut

241 1229 338 1283 ipsa
361 1244 440 1282 per
459 1243 503 1270 se
528 1228 598 1268 sui
619 1228 781 1269 faceret
808 1228 957 1268 fidem.

296 1365 331 1404 P
347 1377 371 1402 o
391 1377 416 1402 n
433 1376 458 1402 n
474 1376 500 1402 o
515 1393 525 1413 ,
548 1376 687 1414 quum
709 1361 860 1401 ionica
884 1360 1072 1401 dialecto
1092 1358 1280 1412 scriptae
1298 1361 1381 1399 hae
1403 1358 1554 1398 Histo-

238 1432 331 1471 riae
351 1430 458 1482 sint,
488 1435 834 1469 consentaneum
861 1428 1016 1480 utique
1048 1427 1153 1477 fuit,
1177 1431 1246 1479 ut,
1277 1424 1421 1466 sicubi
1449 1426 1551 1465 loeo

240 1497 487 1537 formarum
526 1496 755 1536 communi
796 1497 1067 1535 Graecorum
1109 1506 1313 1534 sermone
1351 1492 1554 1533 tritarum

239 1563 409 1605 ionicas
445 1563 687 1602 verborum
729 1561 893 1602 formas
921 1561 1026 1601 libri
1062 1568 1231 1600 veteres
1263 1559 1553 1611 exhiberent,

240 1644 426 1670 caenon
456 1629 810 1685 negligerentur,
837 1630 913 1669 sed
945 1628 1092 1668 ionice
1120 1627 1324 1679 loquenti
1352 1626 1553 1667 restitue-

238 1704 393 1737 rentur
414 1695 650 1748 Scriptori:
686 1703 818 1747 atque
848 1697 894 1734 in
926 1697 1011 1734 hoc
1038 1694 1168 1734 etiam
1197 1707 1359 1745 genere
1381 1694 1553 1747 largam

239 1777 427 1804 messem
465 1761 594 1802 nobis
632 1762 853 1814 reliquam
886 1761 987 1800 feeit
1021 1760 1301 1814 W‘esselingii
1322 1758 1554 1800 industria.

240 1832 333 1869 Nec
350 1842 457 1869 vero
474 1831 721 1881 putandum
742 1837 802 1868 est
817 1860 828 1881 ,
847 1827 1014 1867 cunctis
1033 1827 1093 1866 eis
1111 1826 1156 1865 in
1172 1827 1301 1878 locis,
1323 1826 1402 1866 ubi
1419 1825 1551 1866 etiam

241 1909 361 1937 nunc
387 1895 557 1935 formae
589 1897 830 1934 verborum
862 1906 1120 1933 communes
1149 1892 1465 1945 praeeuntibus
1496 1893 1553 1932 li-

239 1962 331 2003 bris
354 1961 563 2002 omnibus
595 1968 855 2013 supersunt,
888 1975 1025 2012 quum
1054 1959 1164 1999 alibi
1190 1959 1236 1998 in
1259 1958 1427 1999 eisdem
1452 1974 1553 1999 ver-

238 2028 307 2069 bis
328 2029 471 2068 forma
492 2027 677 2068 Ionibus
705 2026 889 2080 propria
913 2040 1042 2066 usum
1071 2039 1160 2066 esse
1187 2025 1419 2066 videamus
1437 2025 1554 2066 Seri-

238 2101 440 2149 ptorem,
476 2109 556 2147 per
579 2093 865 2134 librariorum
895 2100 968 2132 aut
996 2092 1283 2132 temeritatem
1309 2099 1383 2133 aut
1402 2106 1553 2134 socor-

241 2161 359 2200 diam
378 2174 468 2201 esse
488 2160 586 2200 illas
607 2160 819 2200 invectas.
856 2159 1045 2199 Licitnm
1067 2158 1149 2198 suit
1170 2158 1321 2199 ionico
1342 2159 1551 2213 scriptori

240 2225 554 2267 communibus
581 2227 821 2266 verborum
845 2225 1000 2265 formis
1029 2226 1281 2277 promiscue
1303 2233 1436 2277 atque
1459 2225 1552 2267 illis

238 2292 304 2333 uti
329 2306 442 2344 quae
469 2292 654 2332 Ionibus
684 2291 893 2345 propriae
922 2298 1068 2331 erant:
1091 2299 1130 2330 et
1152 2293 1274 2331 haud
1301 2291 1450 2332 dubiis
1470 2293 1553 2332 do-

239 2359 457 2400 cumentis
487 2358 755 2399 intellexisse
791 2357 903 2398 mihi
939 2358 1119 2407 videor,
1159 2366 1202 2397 ut
1238 2358 1346 2398 olim
1383 2360 1553 2407 Home-

237 2441 358 2478 rum,
390 2425 453 2465 sic
474 2425 604 2464 etiam
626 2424 958 2471 Herodotum,
984 2424 1020 2464 si
1047 2424 1145 2475 quis
1171 2424 1282 2464 alius
1298 2455 1308 2475 ,
1331 2426 1446 2464 hanc
1465 2425 1554 2465 sihi

237 2493 414 2534 veniam
436 2492 667 2542 sumsisse;
696 2499 761 2543 et,
791 2490 993 2544 quamvis
1013 2489 1134 2530 idem
1160 2490 1342 2544 optima
1366 2489 1553 2535 ionicae
