1732 2951
1307 282 1411 314 XXV

478 265 1051 317 PRAEFATIO.

99 380 344 423 luminibus
366 387 588 432 constan33
612 383 667 421 de
686 394 773 432 qua
790 380 837 419 in
857 378 1134 420 Praefatione
1159 379 1266 417 haec
1288 393 1414 430 prae-

101 449 217 488 dicat
252 456 425 488 auctor:
462 449 551 488 Est
580 448 693 487 haec·
716 443 886 491 editio,
924 443 1104 485 nullius
1128 442 1315 498 prioris
1342 459 1413 484 re-

91 512 295 568 petitio,·
323 514 405 554 sed
422 528 537 554 nova
569 527 708 566 eaque
728 518 957 552 accurata
982 508 1212 556 recensio)
1242 508 1292 550 in
1320 524 1413 562 qua

102 581 268 620 Musas
302 580 602 620 Herodoteczs
634 587 730 619 tam
763 578 830 618 ad
857 587 1062 618 veterum
1092 574 1326 617 librorum
1341 575 1413 630 fi-

99 646 227 691 dem,
261 644 480 700 (scilicet,
509 659 701 697 quorum
728 643 941 684 lectiones
974 642 1291 697 W'esselingius
1321 643 1413 681 col-

98 711 293 765 legerat)
327 727 466 764 quam
501 726 524 751 e
553 708 844 751 coniecturis
878 710 1129 750 doctorum
1164 707 1411 754 virorum,

101 775 373 834 integritati
391 776 639 818 restituere
662 773 952 833 tentavimus.
974 777 1069 814 Hac
1092 775 1229 828 igitur
1250 775 1297 814 in
1320 775 1414 814 edi-

100 844 223 884 tione
254 844 334 884 Vir
366 843 560 896 optimus
591 842 868 895 promiscue,
903 843 1039 880 modo
1072 840 1413 894 VVesselingiani

99 908 316 961 exempli,
359 910 496 949 modo
539 908 742 949 Reiziani
783 914 860 947 aut
897 907 1222 959 Schaeferiani,
1270 906 1411 947 tenuit

98 976 332 1017 lectiones:
375 977 495 1015 haud
530 989 629 1016 raro
666 989 773 1016 vero
813 974 948 1014 etiam
981 976 1036 1014 ab
1067 974 1135 1014 his
1170 974 1338 1013 cunctis
1369 981 1411 1013 et

96 1057 123 1083 a
151 1050 346 1082 veterum
386 1042 607 1082 librorum
648 1041 852 1082 omnium
883 1041 1155 1094 praescripto
1186 1040 1233 1079 in
1263 1041 1412 1080 diver-

95 1123 193 1150 sum
227 1108 480 1161 discedens,
519 1110 609 1148 duo
642 1110 755 1147 haec
787 1108 978 1148 maxime
1006 1116 1068 1147 est
1095 1114 1289 1155 secutus;
1317 1106 1408 1158 pri-

97 1190 246 1226 mum,
275 1181 323 1214 ut
349 1174 395 1214 in
427 1176 668 1215 verborum
698 1174 876 1227 formis,
912 1173 962 1214 in
987 1172 1247 1214 scribendis
1270 1188 1408 1215 voca-

97 1239 219 1282 bulis
254 1239 331 1294 (ut
365 1241 426 1284 ait
466 1240 592 1296 ipse)
633 1255 814 1293 semper
851 1240 945 1281 sibi
975 1248 1199 1281 constans
1235 1248 1408 1280 auctor

96 1308 318 1363 prodiret3
349 1311 561 1355 alterurn,
589 1317 638 1348 ut
671 1323 974 1363 quascumque
1004 1308 1336 1348 emendationes
1367 1313 1410 1347 et

98 1374 370 1415 coniecturas
402 1376 474 1414 vel
511 1387 534 1412 a
563 1374 882 1429 XVesseHngio,
916 1375 987 1414 vel
1020 1388 1044 1413 a
1079 1372 1406 1425 Valckenzwio,

96 1439 144 1478 in
175 1440 548 1480 Adnotationibus
593 1442 924 1480 commendatas
958 1440 1161 1493 vidisset,
1198 1453 1268 1480 eas
1301 1453 1408 1479 con-

97 1505 224 1547 tinuo
261 1508 351 1547 fere
394 1513 569 1547 cunctas
607 1521 737 1547 suum
769 1507 815 1546 in
859 1509 1113 1559 exemplum
1152 1508 1407 1559 adoptaret:

99 1587 188 1624 quo
212 1573 343 1614 etiam
372 1573 487 1614 illud
523 1574 737 1626 pertinet,
771 1575 914 1627 quod,
948 1573 984 1613 si
1016 1573 1094 1625 qui
1119 1574 1208 1614 loci
1239 1574 1309 1613 vel
1347 1574 1404 1612 ab

98 1641 257 1679 eodem
278 1640 594 1695 Wesselingio‚
624 1641 696 1680 vel
733 1653 757 1679 a
790 1640 1084 1681 Valckenario
1118 1639 1402 1693 praesertim,

97 1704 227 1757 (viro
264 1705 601 1757 exquisitissime
627 1707 781 1751 docto,
822 1707 899 1745 sed
940 1706 1018 1759 qui
1048 1705 1096 1744 in
1125 1708 1211 1745 hoc
1241 1720 1403 1760 genere

95 1784 226 1823 saepe
244 1770 409 1810 nimius
430 1770 561 1811 fuisse
586 1770 789 1824 videtur)
817 1784 901 1824 pro
927 1771 1088 1824 spuriis
1115 1779 1217 1811 sunt
1237 1770 1402 1823 habiti,

96 1850 172 1876 eos
203 1851 226 1876 e
249 1842 454 1876 contextu
486 1850 667 1889 prorsus
688 1836 962 1889 eliminavit,
993 1851 1048 1876 ne
1074 1836 1277 1890 adposito
1303 1836 1404 1888 qui·

97 1904 198 1942 dem
227 1904 322 1943 ullo
347 1902 452 1943 facti
482 1903 666 1943 indicio.
697 1906 749 1943 In
776 1917 865 1955 quo
888 1911 1034 1943 tamen
1067 1904 1182 1943 illud
1210 1905 1401 1943 laudan-

98 1971 228 2023 dum,
260 1971 404 2024 quod,
429 1984 484 2009 ne
515 1970 735 2010 nescirent
761 1971 947 2010 lectores
969 1984 1162 2023 quorum
1189 1971 1237 2010 id
1265 1970 1402 2012 inter-

95 2106 156 2149 di,
176 2111 214 2143 et
231 2119 513 2155 saepenumero
533 2121 623 2144 sum
645 2107 722 2144 mi-

94 2168 228 2205 ratus,
260 2175 341 2210 quo
366 2168 477 2213 pacto
500 2164 650 2200 factum
669 2163 722 2200 sit

97 2222 142 2252 ut
164 2218 393 2262 Larcherus,
422 2218 495 2267 qui
526 2219 597 2254 hac
626 2232 720 2255 usus

94 2278 151 2308 est
166 2272 363 2317 editione,
380 2273 566 2312 lectiones
584 2286 719 2312 omnes

91 2339 114 2362 a
161 2327 486 2378 VVesselingiano
537 2330 719 2377 exemplo

91 2382 330 2419 discedentes
349 2412 360 2429 ‚
409 2383 482 2420 uni
521 2385 718 2421 Borheckio

92 2444 265 2485 acceptas
286 2438 446 2483 tulerit,
466 2440 585 2476 nulla
605 2442 720 2477 Reizii

94 2492 244 2530 mentio
273 2506 323 2531 ne
347 2494 449 2532 sacta
470 2521 480 2540 ‚
520 2494 587 2532 cui
619 2495 718 2532 illae

766 2108 1038 2144 debebantur:
1069 2121 1151 2157 quo
1178 2107 1226 2144 de
1257 2118 1400 2157 genere

768 2165 917 2200 multos
955 2164 1059 2200 locos
1099 2163 1237 2200 citatos
1274 2163 1397 2199 etiam

766 2219 897 2256 videas
928 2218 974 2255 in
1011 2219 1189 2256 eiusdem
1222 2219 1402 2255 Larcheri

766 2275 900 2311 Indice
940 2276 1093 2310 Rerum
1134 2280 1173 2310 et
1214 2275 1400 2310 Persona-

767 2343 860 2367 rum
875 2358 884 2375 ,
907 2333 950 2367 T.
972 2331 1040 2366 IX.
1064 2329 1296 2378 posterioris
1317 2329 1400 2364 edi-

768 2385 888 2422 tionis
910 2385 1080 2436 gallicae
1102 2384 1289 2421 Herodoti
1311 2395 1398 2419 ver-

765 2441 906 2486 sionis,
931 2454 971 2492 P-
1002 2449 1090 2491 149.
1110 2452 1203 2478 voce
1223 2439 1396 2476 Borheclc·
