1732 2951
304 222 334 249 x
660 203 1249 252 PRAEFATIO.

302 316 413 355 haec
449 316 560 355 dum
593 314 781 361 scribo,
820 316 949 355 culta
980 315 1046 355 ad
1079 330 1149 356 me
1181 313 1425 358 Herodoti
1463 315 1612 360 editio

300 379 544 437 adfertur,
597 384 814 424 Glascuae
844 389 917 423 tot
957 380 1223 422 minoribus
1265 381 1615 432 voluminibus,

299 456 415 501 quot
451 450 619 490 Musae
659 455 937 494 censentur,

970 446 1156 506 formis
1197 447 1436 502 descripta
1483 465 1612 492 anno

301 529 570 562 MDCCLXJ„
606 512 989 563 Gronovianam,
1025 513 1220 556 desectis
1261 523 1416 557 tamen
1448 518 1614 558 Adno-

301 578 593 630 talionibus,
616 582 871 622 aemulans.

353 693 436 732 DE
474 707 574 733 mea
615 690 823 733 editione
856 690 947 745 [sic
983 691 1129 747 pergit
1162 691 1355 733 scribere
1399 693 1615 733 WEssn-

303 759 565 813 mucius]
598 774 694 800 non
734 757 896 799 multis
927 773 1077 816 agam.
1126 756 1355 801 Coniecto
1387 766 1497 800 ante
1528 760 1613 800 hos

300 823 514 866 undecim
545 840 696 866 annos
733 823 783 864 in
821 821 921 864 eius
955 823 1210 865 consilium
1243 839 1361 864 cura
1384 822 1612 878 princeps

299 890 613 946 conquirendi
653 889 895 945 suppetias
936 892 1207 932 Codicum
1249 892 1612 945 scriptorum

282 957 421 1014 fuit,
447 974 585 1012 quam
608 973 812 1011 prosper
845 972 941 999 non
965 957 1184 1000 destituit
1212 973 1468 1000 successus.
1518 960 1613 1000 Pa-

298 1024 433 1067 risils
473 1029 539 1066 Io.
568 1025 945 1078 Capperonerius,
987 1026 1046 1066 V.
1083 1026 1185 1074 CL,
1217 1024 1417 1067 benivole
1455 1041 1611 1067 excer-

301 1170 393 1208 pere
417 1171 498 1195 non
532 1158 726 1197 erubuit,
749 1162 788 1193 et
811 1156 928 1203 aliis,

299 1215 476 1259 vellent,
499 1214 674 1258 nollent,
691 1218 855 1249 conatus
871 1216 928 1248 est

300 1270 530 1307 obtrudere.
571 1271 616 1305 In
637 1282 719 1317 quo
742 1268 849 1303 illud
873 1273 927 1303 ta-

299 1338 414 1370 men,
435 1327 539 1362 bona
567 1328 777 1361 Lectorum
801 1324 930 1360 fortu-

299 1385 375 1427 na,
400 1381 621 1430 prudenter
642 1381 691 1416 ab
714 1379 850 1415 eodem
873 1379 929 1414 fa—

299 1444 411 1473 ctum
428 1450 508 1473 non
524 1436 640 1472 debet
655 1434 928 1478 dissimulari,

298 1493 406 1541 quod
434 1492 621 1540 quolibet
651 1491 694 1526 in
716 1491 827 1535 loco,
856 1489 927 1525 ubi

299 1560 346 1584 ex
371 1548 469 1584 idoli
492 1548 556 1583 sui
584 1546 828 1596 praescripto
852 1545 929 1581 ali-

299 1603 399 1652 quid
418 1604 460 1640 in
479 1614 614 1653 graeco
634 1602 819 1650 exemplo
840 1595 930 1637 m'u-

301 1659 420 1705 tavit,
433 1659 628 1696 continuo
642 1658 769 1694 simul
787 1657 829 1693 in
847 1656 929 1692 ima

299 1715 499 1764 cuiusque
535 1713 703 1763 paginae
738 1726 806 1749 ora
841 1724 928 1748 eam

299 1770 543 1819 scripturam
571 1768 779 1817 adposuit,
804 1781 928 1816 quam

298 1826 557 1876 Iungermani
587 1831 708 1873 atque
736 1823 929 1872 Stephani

299 1881 494 1918 editiones
510 1881 800 1917 exhibuerant:
821 1878 929 1928 quod

299 1936 374 1973 ille
415 1937 581 1986 quidem
621 1948 701 1972 non
739 1941 819 1971 tam
859 1935 930 1970 hoc

298 1993 469 2029 consilio
499 1992 631 2028 fecisse
660 1990 845 2028 videtur.
886 1995 930 2026 ut

297 2059 466 2097 aequam
518 2046 743 2097 legentibus
787 2046 931 2081 faceret

299 2104 464 2151 optandi
498 2109 535 2139 et
559 2115 628 2151 per
650 2113 688 2137 se
720 2099 929 2136 iudicandi

300 2165 554 2207 potestatem.
582 2170 704 2206 quam
731 2169 812 2204 quo
834 2155 930 2191 faci-

299 2215 382 2251 lius
406 2214 635 2261 certiusque
650 2211 929 2261 intelligerent

298 2271 463 2306 lectores
494 2275 697 2318 quantum
726 2267 778 2303 sit
820 2265 928 2315 quod

299 2326 384 2373 ipse
422 2325 469 2361 ad
513 2323 803 2360 restituendam
845 2334 930 2371 ger-

299 2394 462 2417 manam
490 2380 769 2426 sinceramque
793 2383 929 2413 aucto-

301 2439 355 2473 ris
395 2436 639 2484 scripturam
679 2433 928 2470 contulisset.

299 2495 378 2530 Nec
416 2504 508 2529 vero
541 2498 598 2528 est
636 2488 930 2533 inficiandum,

975 1169 1110 1194 revera
1131 1161 1170 1192 et
1202 1156 1372 1193 maximi
1407 1155 1527 1204 pretii
1554 1168 1611 1193 es·

974 1225 1014 1249 se
1046 1213 1242 1250 Medic-eum
1276 1212 1402 1247 illum
1435 1212 1610 1257 codicem,

974 1273 1013 1304 et
1043 1279 1258 1317 permagna
1284 1267 1329 1303 in
1361 1267 1607 1303 Herodotum

975 1323 1121 1360 merita
1147 1322 1325 1359 eiusdem
1355 1323 1431 1359 Iac.
1464 1323 1610 1359 Grono-

973 1380 1045 1421 vii,·
1077 1391 1199 1426 quam
1229 1378 1430 1425 plurimos
1454 1378 1609 1426 quippe

976 1434 1192 1482 Scriptoris
1217 1433 1344 1470 nostri
1374 1444 1452 1469 esse
1482 1433 1607 1479 locos⁷

976 1489 1071 1538 qui,
1099 1501 1231 1538 quum
1262 1489 1306 1524 in
1328 1487 1608 1537 superioribus

976 1545 1226 1581 editionibus
1239 1544 1420 1592 corrupti
1435 1550 1507 1581 aut
1518 1557 1609 1580 nlu-

979 1600 1044 1636 tili
1068 1600 1261 1645 fuissent,
1288 1612 1357 1648 per
1381 1599 1504 1636 huius
1524 1599 1605 1636 viri

978 1656 1222 1692 industriam
1246 1668 1293 1691 ex
1317 1655 1463 1691 codicis
1488 1655 1607 1692 illius

977 1711 1221 1760 praescripto
1259 1710 1478 1747 rectissime
1522 1711 1609 1746 sue-

978 1767 1205 1803 rintcurati
1221 1773 1258 1802 et
1273 1767 1316 1802 in
1329 1766 1532 1815 integrum
1549 1778 1608 1802 rc-

976 1822 1125 1859 stituti.
1155 1822 1341 1859 Codicem
1359 1822 1493 1870 ipsum
1508 1822 1608 1857 Ban-

977 1880 1095 1915 dinius
1124 1878 1167 1914 in
1196 1878 1382 1927 Catalogo
1409 1877 1605 1913 Codicum

978 1937 1113 1971 Graec.
1138 1933 1408 1970 Bibliothecae
1432 1934 1608 1968 Lauren..

979 1989 1110 2026 tianae
1129 1991 1171 2025 T.
1191 1991 1236 2026 ΙΙ.
1259 1988 1335 2026 col.
1349 1988 1423 2034 (357
1442 1999 1521 2036 seq.
1543 1987 1605 2024 his

975 2044 1107 2081 verbis
1133 2043 1345 2080 describit:
1376 2045 1606 2088 Herodotus,

976 2102 1087 2137 codex
1100 2102 1377 2143 vetustissimus,
1394 2101 1489 2136 omni
1502 2100 1608 2136 laude

976 2158 1104 2192 maior.
1121 2180 1136 2186 -
1154 2179 1170 2186 -
1184 2180 1201 2188 -
1225 2155 1538 2199 Membramceus,
1567 2156 1607 2191 in

966 2209 1065 2258 folio
1087 2212 1236 2256 minori,
1265 2212 1372 2247 seculi
1397 2211 1448 2247 X.
1474 2212 1606 2258 optime

976 2274 1150 2304 servatus.
1172 2268 1286 2302 Tituli
1297 2266 1467 2302 librorum
1481 2267 1607 2300 uncia-

976 2322 1066 2359 libus
1094 2324 1208 2358 literis
1237 2323 1421 2369 aureisque
1444 2327 1527 2357 sunt
1549 2321 1608 2357 de-

976 2379 1117 2426 scripti.
1149 2378 1305 2414 Constat
1323 2373 1432 2422 foliis
1460 2377 1607 2424 scriptis

979 2434 1070 2479 57⁴·
1102 2434 1318 2468 Profitetur
1334 2431 1483 2466 ibidem
1499 2431 1603 2467 idem

976 2489 1201 2532 Bandinius,
1235 2487 1283 2522 de
1322 2487 1399 2524 fide
1434 2488 1609 2524 Gronovii
