1732 2951
379 211 467 258 IN
504 209 925 258 HERODOTI
959 210 1103 257 LIB.
1140 211 1183 257 Ι.
1400 213 1432 262 5

295 329 446 371 Θοῖλειοι.
619 348 631 359 0·
951 322 1133 366 Thalia.

292 386 509 429 Μελπομένη.
939 382 1242 434 Melpomene.

293 440 506 489 Τερψιχόρη.
811 446 815 450 ”
948 434 1269 488 Terpsichore.

291 494 433 543 Ἐρατώ.
935 492 1103 532 Erato.

293 549 484 592 Πολύμνια.
943 542 1216 603 Polymnia.

295 605 458 654 Ov'nga'oe.
953 599 1156 643 Urania,

296 658 496 701 Καλλιόπκ.
945 655 1174 708 Calliope.

129 715 358 754 Caeterum
368 744 379 765 ,
395 714 514 764 quod
523 711 679 754 Aulus
691 709 866 752 Gellius
877 709 924 749 in
939 711 1216 751 Praefatione
1226 705 1433 750 Noctium

128 769 308 809 Atticar.
334 768 468 808 fuisse
490 775 689 808 auctores
709 768 791 819 ait,
821 765 899 818 qui
919 766 1045 806 libris
1070 766 1159 806 suis
1182 766 1434 807 Musarum

130 823 315 863 nomina
347 822 683 876 inscripserunt,
720 836 813 862 non
848 821 947 874 ille,
976 829 1024 862 ut
1057 819 1322 862 Gronovius
1348 821 1436 863 sihi

127 886 421 932 persuaserat,
456 879 736 919 Herodotum
761 876 933 929 innuit,
964 879 1041 918 sed
1067 876 1300 917 Aurelium
1325 877 1437 931 Opi-

127 934 238 974 lium
258 933 592 988 grammaticum
606 965 618 987 ,
647 933 772 974 cuius
795 932 990 973 hominis
1006 932 1175 972 vanitas
1200 933 1255 971 ab
1275 933 1436 972 eodem

127 988 275 1029 Gellio
295 989 373 1029 lib.
395 992 430 1029 Ι.
460 1003 496 1028 c.
526 995 591 1032 25.
611 997 654 1030 et
678 1003 703 1029 a
721 988 934 1029 Suetonio
957 991 1012 1029 de
1040 986 1251 1028 Illustrib.
1279 988 1436 1028 Gram-

127 1052 231 1084 mat.
257 1059 293 1084 c.
320 1050 358 1087 6.
380 1052 528 1085 notata
555 1052 630 1085 est.
677 1047 812 1097 Nam,
845 1046 967 1094 quod
1003 1045 1056 1083 de
1086 1042 1306 1083 Herodoti
1335 1045 1436 1084 Mu·

126 1099 184 1140 sis
201 1098 444 1141 Luciamcs
463 1101 706 1154 praedicat,
731 1099 808 1152 (in
829 1102 924 1138 Aet.
942 1100 1036 1139 sive
1058 1100 1309 1150 Herodoto,
1335 1112 1370 1137 c.
1402 1114 1434 1137 ι.

127 1161 171 1194 et
195 1156 249 1195 de
280 1156 596 1196 conscribenda
622 1155 840 1206 Historia,
874 1168 909 1193 e.
931 1154 1026 1208 42.)
1060 1154 1162 1194 satis
1188 1159 1346 1193 notum
1373 1162 1431 1193 est

125 1223 218 1250 non
240 1225 343 1250 eum
367 1211 624 1264 adfirmare,
644 1211 789 1264 ipsum
809 1217 1035 1250 auctorem
1055 1218 1219 1249 novem
1239 1208 1329 1249 suis
1354 1209 1435 1249 Hi.

125 1265 361 1306 storiarum
381 1266 507 1307 libris
533 1281 696 1306 novem
724 1267 952 1305 Musarum
979 1265 1165 1304 nomina
1190 1264 1436 1317 inscripsis-

125 1333 196 1373 se,
228 1323 305 1361 sed
328 1336 418 1362 esse
439 1336 513 1362 eos
542 1321 726 1361 honoris
753 1335 901 1360 caussa
924 1322 1091 1362 Musas
1113 1321 1357 1372 adpellatos
1379 1321 1434 1359 ab

126 1375 216 1428 his,
236 1377 313 1428 qui
334 1390 487 1417 eorum
510 1376 1000 1417 auditionelectioneve
1018 1376 1201 1415 fuissent
1217 1375 1436 1415 delectati.

128 1432 284 1482 Neque
305 1432 392 1472 alia
417 1431 632 1472 sententia
659 1440 721 1473 est
751 1431 893 1485 lepidi
921 1431 1043 1471 illius
1068 1430 1434 1486 Epigrammatis,

127 1488 252 1538 quod
263 1486 310 1526 in
325 1489 381 1527 H.
394 1487 605 1540 Stephani
620 1487 811 1527 Anthol.
830 1501 874 1540 p.
891 1488 956 1539 95.
970 1493 1012 1527 et
1025 1487 1072 1526 in
1085 1486 1296 1526 Brunckii
1310 1487 1436 1527 Ana-

127 1541 252 1582 lectis
269 1544 318 1582 Τ.
342 1545 424 1582 III.
446 1557 491 1595 p.
509 1546 602 1585 263.
623 1557 746 1582 num.
767 1556 943 1583 nxxxn.
963 1542 1032 1582 his
1052 1541 1199 1581 verbis
1218 1541 1407 1596 legitur:

239 1597 411 1648 Ἡρόδοτος
436 1600 578 1644 Μούσας
601 1597 795 1644 ὑπεδέξατο*
825 1601 875 1648 τῷ
898 1597 926 1636 δ’
950 1599 1001 1648 ἄρ’
1030 1596 1157 1641 {uolo-tn

350 1654 425 1692 ἀντὶ
453 1656 631 1700 φιλοξενίκς
656 1657 774 1696 βίβλον
801 1651 901 1692 ἔδωκε
922 1656 1017 1698 μίαν.

183 1761 546 1802 PROOEMIUM
557 1759 802 1804 Auctoris.
817 1759 924 1802 Lin.
944 1761 1162 1813 ι.”Ηςοδι-’τευ
1177 1759 1284 1814 etc..)
1301 1760 1435 1802 Meri-

126 1821 173 1857 to
198 1816 461 1858 Gronovius
477 1818 666 1870 explosit
683 1817 924 1858 Ptolemaei
947 1816 1288 1870 Hephaestionis
1314 1830 1436 1856 com-

128 1879 348 1924 mentum,
371 1873 478 1923 (lib.
506 1875 588 1913 ΙΙΙ.
605 1888 649 1926 p.
670 1877 762 1923 314.
785 1874 852 1912 ed.
871 1873 1000 1923 Gal.)
1026 1874 1149 1924 quod
1166 1886 1296 1912 suum
1319 1872 1436 1912 fece-

127 1934 194 1966 rat
213 1927 380 1968 Galeas
399 1928 446 1967 in
470 1928 680 1969 brevibus
701 1930 758 1968 ad
778 1930 1057 1968 Herodotum
1077 1927 1234 1977 Notis,
1263 1927 1436 1968 dicens:

127 2011 155 2035 „
167 1982 409 2022 Exordium
426 1985 512 2024 hoc
525 1984 752 2037 praemisit
764 1983 1064 2036 Plesirrhous,
1080 1982 1300 2023 Herodoti
1312 1996 1435 2021 ama-

127 2067 154 2090 ‚‚
167 2037 268 2077 sius.
307 2039 429 2092 Quae
447 2046 692 2091 sequuntur
711 2046 810 2092 post
829 2039 1009 2082 ἀλλήλοισι
1024 2067 1034 2084 ,
1061 2045 1163 2078 sunt
1188 2039 1323 2078 verba
1345 2040 1435 2078 He-

126 2092 365 2146 „rodoti.“
379 2118 434 2126 -
453 2096 641 2141 Ἀκέφοιλος
666 2095 867 2148 profecto
891 2095 1004 2134 foret
1028 2093 1142 2134 liber
1161 2095 1327 2145 absque
1348 2094 1435 2133 hoc

126 2147 392 2202 Prooemio,
423 2152 479 2189 ad
500 2152 622 2201 quod
647 2149 879 2190 manifesto
908 2149 1096 2189 refertur
1119 2149 1166 2189 id
1194 2150 1318 2201 quod
1347 2147 1435 2187 ini-

127 2201 191 2242 tio
212 2203 366 2256 capitis
401 2217 434 2243 2.
457 2204 517 2244 ait
541 2210 713 2258 auctor,
740 2208 887 2256 Περσέων
909 2207 968 2250 μέν
994 2223 1064 2245 νυν
1093 2207 1120 2244 οἳ
1142 2205 1250 2249 λόγιοι
1282 2207 1435 2248 Φοίνικας

127 2260 254 2304 αι’τιόυς
293 2263 378 2305 φασὶ
413 2263 559 2306 ’γενέσθαι
595 2264 674 2306 ταῖς
708 2260 874 2310 διαφορῆς.
928 2261 1160 2300 ΟἱὶεῒθΓιΙΠΙ
1191 2258 1293 2299 satis
1326 2272 1435 2298 con-

124 2319 231 2366 stat,
255 2313 422 2366 priscos
437 2321 637 2355 auctores
655 2329 679 2355 a
697 2314 973 2369 professione
989 2315 1184 2355 nominis
1203 2321 1246 2354 et
1262 2328 1287 2354 a
1306 2313 1433 2352 brevi

126 2368 299 2409 consilii
321 2370 390 2410 sui
412 2369 688 2424 expositione
714 2370 874 2422 scripta
896 2384 975 2410 sua
995 2370 1208 2410 inchoare
1230 2369 1397 2409 solitos.

181 2421 300 2463 Ibid.
335 2427 642 2477 ‘Anxaffvrm-Zog)
671 2426 760 2481 Qui
787 2427 896 2465 haec
925 2427 1128 2478 laudant,
1160 2421 1430 2464 Demetrias

127 2477 315 2520 Phaler.
333 2485 404 2532 περὶ
426 2482 524 2532 Ἑρμ.
545 2495 582 2522 c.
603 2495 664 2533 17.
692 2490 733 2523 et
753 2494 818 2533 44·
846 2483 1150 2533 Ἃλικοερνκσσιῖος,
1174 2486 1224 2519 ut
1246 2479 1400 2521 Aldus
1416 2493 1433 2524 9·
