<?xml version="1.0" encoding="UTF-8"?>
<!DOCTYPE html PUBLIC "-//W3C//DTD XHTML 1.0 Transitional//EN"
    "http://www.w3.org/TR/xhtml1/DTD/xhtml1-transitional.dtd">
<html xmlns="http://www.w3.org/1999/xhtml" xml:lang="en" lang="en">
 <head>
  <title>
</title>
<meta http-equiv="Content-Type" content="text/html;charset=utf-8" />
  <meta name='ocr-system' content='tesseract 3.04.00' />
  <meta name='ocr-capabilities' content='ocr_page ocr_carea ocr_par ocr_line ocrx_word'/>
</head>
<body>
  <div class='ocr_page' id='page_1' title='image "./musaesivehistori01hero_0587.png"; bbox 0 0 1732 2951; ppageno 0'>
   <div class='ocr_carea' id='block_1_1' title="bbox 338 201 1427 253">
    <p class='ocr_par' dir='ltr' id='par_1_1' title="bbox 338 201 1427 253">
     <span class='ocr_line' id='line_1_1' title="bbox 338 201 1427 253; baseline 0.001 -1"><span class='ocrx_word' id='word_1_1' title='bbox 338 204 429 252; x_wconf 93' lang='lat' dir='ltr'>IN</span> <span class='ocrx_word' id='word_1_2' title='bbox 464 201 921 251; x_wconf 90' lang='lat' dir='ltr'><strong>HERODOTI</strong></span> <span class='ocrx_word' id='word_1_3' title='bbox 956 201 1109 251; x_wconf 86' lang='lat' dir='ltr'><strong>LIB.</strong></span> <span class='ocrx_word' id='word_1_4' title='bbox 1144 202 1188 248; x_wconf 87' lang='grc' dir='ltr'>Ι.</span> <span class='ocrx_word' id='word_1_5' title='bbox 1361 202 1427 253; x_wconf 81' lang='lat'>13</span> 
     </span>
    </p>
   </div>
   <div class='ocr_carea' id='block_1_2' title="bbox 108 314 1474 2531">
    <p class='ocr_par' dir='ltr' id='par_1_2' title="bbox 108 314 1429 1742">
     <span class='ocr_line' id='line_1_2' title="bbox 110 314 1426 371; baseline -0.004 -11"><span class='ocrx_word' id='word_1_6' title='bbox 110 320 141 363; x_wconf 83' lang='lat' dir='ltr'>I.</span> <span class='ocrx_word' id='word_1_7' title='bbox 158 324 220 363; x_wconf 74' lang='lat'>13.</span> <span class='ocrx_word' id='word_1_8' title='bbox 239 321 455 370; x_wconf 64' lang='grc' dir='ltr'>προβήσομαι</span> <span class='ocrx_word' id='word_1_9' title='bbox 470 321 499 365; x_wconf 81' lang='grc' dir='ltr'>ἔς</span> <span class='ocrx_word' id='word_1_10' title='bbox 511 319 551 358; x_wconf 71' lang='grc' dir='ltr'>τὲ</span> <span class='ocrx_word' id='word_1_11' title='bbox 564 317 709 371; x_wconf 66' lang='grc' dir='ltr'>πρόσω)</span> <span class='ocrx_word' id='word_1_12' title='bbox 734 320 896 358; x_wconf 78' lang='lat' dir='ltr'><strong>Carent</strong></span> <span class='ocrx_word' id='word_1_13' title='bbox 913 319 943 364; x_wconf 80' lang='grc' dir='ltr'>ἔς</span> <span class='ocrx_word' id='word_1_14' title='bbox 958 318 1000 358; x_wconf 61' lang='lat' dir='ltr'>‘ro‘</span> <span class='ocrx_word' id='word_1_15' title='bbox 1020 316 1157 357; x_wconf 82' lang='lat' dir='ltr'>Pass.</span> <span class='ocrx_word' id='word_1_16' title='bbox 1180 315 1299 357; x_wconf 82' lang='lat' dir='ltr'>Ven.</span> <span class='ocrx_word' id='word_1_17' title='bbox 1311 314 1426 356; x_wconf 76' lang='lat' dir='ltr'>Par.</span> 
     </span>
     <span class='ocr_line' id='line_1_3' title="bbox 114 371 1427 419; baseline -0.004 -3"><span class='ocrx_word' id='word_1_18' title='bbox 114 376 166 419; x_wconf 88' lang='lat' dir='ltr'>C.</span> <span class='ocrx_word' id='word_1_19' title='bbox 182 375 329 418; x_wconf 76' lang='lat' dir='ltr'>Arch.</span> <span class='ocrx_word' id='word_1_20' title='bbox 360 372 505 414; x_wconf 84' lang='lat' dir='ltr'><em>Vind.</em></span> <span class='ocrx_word' id='word_1_21' title='bbox 526 375 682 414; x_wconf 74' lang='lat' dir='ltr'>WEss.</span> <span class='ocrx_word' id='word_1_22' title='bbox 705 398 759 405; x_wconf 94' lang='lat'>—</span> <span class='ocrx_word' id='word_1_23' title='bbox 784 373 856 414; x_wconf 91' lang='lat' dir='ltr'>Sic</span> <span class='ocrx_word' id='word_1_24' title='bbox 882 372 1021 413; x_wconf 82' lang='lat' dir='ltr'><strong>nostri</strong></span> <span class='ocrx_word' id='word_1_25' title='bbox 1047 372 1132 412; x_wconf 76' lang='lat' dir='ltr'>Pb.</span> <span class='ocrx_word' id='word_1_26' title='bbox 1155 378 1196 412; x_wconf 87' lang='lat' dir='ltr'>et</span> <span class='ocrx_word' id='word_1_27' title='bbox 1217 371 1299 411; x_wconf 88' lang='lat' dir='ltr'>Pe.</span> <span class='ocrx_word' id='word_1_28' title='bbox 1339 373 1427 411; x_wconf 86' lang='lat' dir='ltr'>Sed</span> 
     </span>
     <span class='ocr_line' id='line_1_4' title="bbox 112 428 1425 478; baseline -0.005 -6"><span class='ocrx_word' id='word_1_29' title='bbox 112 439 264 472; x_wconf 88' lang='lat' dir='ltr'>tenent</span> <span class='ocrx_word' id='word_1_30' title='bbox 284 444 387 470; x_wconf 85' lang='lat' dir='ltr'>cum</span> <span class='ocrx_word' id='word_1_31' title='bbox 407 429 534 471; x_wconf 86' lang='lat' dir='ltr'>Aldo</span> <span class='ocrx_word' id='word_1_32' title='bbox 561 429 685 470; x_wconf 80' lang='lat' dir='ltr'>Med.</span> <span class='ocrx_word' id='word_1_33' title='bbox 707 430 763 469; x_wconf 84' lang='lat' dir='ltr'>F.</span> <span class='ocrx_word' id='word_1_34' title='bbox 781 436 823 468; x_wconf 89' lang='lat' dir='ltr'>ct</span> <span class='ocrx_word' id='word_1_35' title='bbox 843 428 935 468; x_wconf 87' lang='lat' dir='ltr'>alii.</span> <span class='ocrx_word' id='word_1_36' title='bbox 961 428 1174 478; x_wconf 63' lang='grc' dir='ltr'>προβήσομαι</span> <span class='ocrx_word' id='word_1_37' title='bbox 1192 434 1425 467; x_wconf 69' lang='lat' dir='ltr'>rectemss.</span> 
     </span>
     <span class='ocr_line' id='line_1_5' title="bbox 112 481 1427 534; baseline -0.005 -6"><span class='ocrx_word' id='word_1_38' title='bbox 112 495 157 528; x_wconf 87' lang='lat' dir='ltr'>et</span> <span class='ocrx_word' id='word_1_39' title='bbox 184 487 284 526; x_wconf 87' lang='lat' dir='ltr'>edd.</span> <span class='ocrx_word' id='word_1_40' title='bbox 334 487 434 525; x_wconf 86' lang='lat' dir='ltr'>Una</span> <span class='ocrx_word' id='word_1_41' title='bbox 469 486 537 523; x_wconf 87' lang='lat' dir='ltr'>ed.</span> <span class='ocrx_word' id='word_1_42' title='bbox 567 481 697 525; x_wconf 79' lang='lat' dir='ltr'>Reiz.</span> <span class='ocrx_word' id='word_1_43' title='bbox 725 491 889 523; x_wconf 86' lang='lat' dir='ltr'>temere</span> <span class='ocrx_word' id='word_1_44' title='bbox 921 483 1096 534; x_wconf 68' lang='grc' dir='ltr'>παραβῆσ.</span> <span class='ocrx_word' id='word_1_45' title='bbox 1129 484 1252 534; x_wconf 92' lang='lat' dir='ltr'>quod</span> <span class='ocrx_word' id='word_1_46' title='bbox 1284 482 1427 522; x_wconf 86' lang='lat' dir='ltr'>tenuit</span> 
     </span>
     <span class='ocr_line' id='line_1_6' title="bbox 113 535 1426 592; baseline -0.003 -8"><span class='ocrx_word' id='word_1_47' title='bbox 113 541 261 584; x_wconf 76' lang='lat' dir='ltr'>Borh.</span> <span class='ocrx_word' id='word_1_48' title='bbox 322 541 351 580; x_wconf 90' lang='lat' dir='ltr'>l.</span> <span class='ocrx_word' id='word_1_49' title='bbox 374 554 434 589; x_wconf 76' lang='lat'>¹4·</span> <span class='ocrx_word' id='word_1_50' title='bbox 456 542 575 585; x_wconf 71' lang='grc' dir='ltr'><em>ὁμοίως</em></span> <span class='ocrx_word' id='word_1_51' title='bbox 594 539 802 592; x_wconf 75' lang='grc' dir='ltr'>σμικροὶ)</span> <span class='ocrx_word' id='word_1_52' title='bbox 830 539 902 579; x_wconf 90' lang='lat' dir='ltr'>Sic</span> <span class='ocrx_word' id='word_1_53' title='bbox 928 537 1084 589; x_wconf 81' lang='lat' dir='ltr'>scripsi</span> <span class='ocrx_word' id='word_1_54' title='bbox 1110 552 1211 577; x_wconf 87' lang='lat' dir='ltr'>cum</span> <span class='ocrx_word' id='word_1_55' title='bbox 1235 535 1426 580; x_wconf 73' lang='lat' dir='ltr'>Reizio.</span> 
     </span>
     <span class='ocr_line' id='line_1_7' title="bbox 115 592 1424 651; baseline -0.004 -14"><span class='ocrx_word' id='word_1_56' title='bbox 115 611 252 650; x_wconf 87' lang='lat' dir='ltr'>quem</span> <span class='ocrx_word' id='word_1_57' title='bbox 287 603 330 636; x_wconf 86' lang='lat' dir='ltr'>et</span> <span class='ocrx_word' id='word_1_58' title='bbox 354 592 534 651; x_wconf 60' lang='lat' dir='ltr'>Schaefl</span> <span class='ocrx_word' id='word_1_59' title='bbox 564 602 605 634; x_wconf 88' lang='lat' dir='ltr'>et</span> <span class='ocrx_word' id='word_1_60' title='bbox 635 594 782 634; x_wconf 80' lang='lat' dir='ltr'>Borlz.</span> <span class='ocrx_word' id='word_1_61' title='bbox 805 593 943 634; x_wconf 88' lang='lat' dir='ltr'>secuti</span> <span class='ocrx_word' id='word_1_62' title='bbox 971 600 1085 633; x_wconf 75' lang='lat' dir='ltr'>sunt.</span> <span class='ocrx_word' id='word_1_63' title='bbox 1132 593 1252 633; x_wconf 82' lang='lat' dir='ltr'>Olim</span> <span class='ocrx_word' id='word_1_64' title='bbox 1280 595 1424 642; x_wconf 72' lang='grc' dir='ltr'><em>μικροὶ</em></span> 
     </span>
     <span class='ocr_line' id='line_1_8' title="bbox 115 648 1425 703; baseline -0.004 -11"><span class='ocrx_word' id='word_1_65' title='bbox 115 653 215 693; x_wconf 88' lang='lat' dir='ltr'>edd.</span> <span class='ocrx_word' id='word_1_66' title='bbox 232 660 273 691; x_wconf 87' lang='lat' dir='ltr'>et</span> <span class='ocrx_word' id='word_1_67' title='bbox 294 651 418 691; x_wconf 90' lang='lat' dir='ltr'>mssti</span> <span class='ocrx_word' id='word_1_68' title='bbox 432 681 444 703; x_wconf 70' lang='lat'>7</span> <span class='ocrx_word' id='word_1_69' title='bbox 469 651 591 701; x_wconf 86' lang='lat' dir='ltr'>quod</span> <span class='ocrx_word' id='word_1_70' title='bbox 608 656 649 688; x_wconf 88' lang='lat' dir='ltr'>ct</span> <span class='ocrx_word' id='word_1_71' title='bbox 673 649 820 701; x_wconf 86' lang='lat' dir='ltr'>ipsum</span> <span class='ocrx_word' id='word_1_72' title='bbox 839 649 1022 701; x_wconf 89' lang='lat' dir='ltr'>quidem</span> <span class='ocrx_word' id='word_1_73' title='bbox 1044 648 1184 688; x_wconf 85' lang='lat' dir='ltr'>teneri</span> <span class='ocrx_word' id='word_1_74' title='bbox 1198 654 1425 701; x_wconf 84' lang='lat' dir='ltr'>potuerat3</span> 
     </span>
     <span class='ocr_line' id='line_1_9' title="bbox 114 702 1424 759; baseline -0.004 -11"><span class='ocrx_word' id='word_1_75' title='bbox 114 710 192 748; x_wconf 87' lang='lat' dir='ltr'>sed</span> <span class='ocrx_word' id='word_1_76' title='bbox 210 706 423 759; x_wconf 89' lang='lat' dir='ltr'>quoniam</span> <span class='ocrx_word' id='word_1_77' title='bbox 440 706 576 757; x_wconf 89' lang='lat' dir='ltr'>paulo</span> <span class='ocrx_word' id='word_1_78' title='bbox 594 712 695 756; x_wconf 89' lang='lat' dir='ltr'>post</span> <span class='ocrx_word' id='word_1_79' title='bbox 712 705 781 745; x_wconf 88' lang='lat' dir='ltr'>bis</span> <span class='ocrx_word' id='word_1_80' title='bbox 798 705 927 755; x_wconf 71' lang='grc' dir='ltr'><em>σμικροὶ</em></span> <span class='ocrx_word' id='word_1_81' title='bbox 945 704 1106 742; x_wconf 86' lang='lat' dir='ltr'><strong>dedere</strong></span> <span class='ocrx_word' id='word_1_82' title='bbox 1127 702 1232 742; x_wconf 85' lang='lat' dir='ltr'>libri</span> <span class='ocrx_word' id='word_1_83' title='bbox 1249 717 1424 755; x_wconf 87' lang='lat' dir='ltr'>omnes,</span> 
     </span>
     <span class='ocr_line' id='line_1_10' title="bbox 113 758 1426 813; baseline -0.005 -10"><span class='ocrx_word' id='word_1_84' title='bbox 113 763 246 803; x_wconf 88' lang='lat' dir='ltr'>facile</span> <span class='ocrx_word' id='word_1_85' title='bbox 268 761 379 801; x_wconf 89' lang='lat' dir='ltr'>mihi</span> <span class='ocrx_word' id='word_1_86' title='bbox 394 759 609 813; x_wconf 79' lang='lat' dir='ltr'>persuasi,</span> <span class='ocrx_word' id='word_1_87' title='bbox 628 759 799 799; x_wconf 82' lang='lat' dir='ltr'><strong>literam</strong></span> <span class='ocrx_word' id='word_1_88' title='bbox 817 759 1071 799; x_wconf 81' lang='lat' dir='ltr'>sibilantem</span> <span class='ocrx_word' id='word_1_89' title='bbox 1091 758 1222 798; x_wconf 88' lang='lat' dir='ltr'>initio</span> <span class='ocrx_word' id='word_1_90' title='bbox 1244 758 1366 798; x_wconf 82' lang='lat' dir='ltr'>vocis</span> <span class='ocrx_word' id='word_1_91' title='bbox 1380 761 1426 798; x_wconf 78' lang='lat' dir='ltr'>h.</span> 
     </span>
     <span class='ocr_line' id='line_1_11' title="bbox 114 813 1426 867; baseline -0.005 -8"><span class='ocrx_word' id='word_1_92' title='bbox 114 820 145 859; x_wconf 87' lang='grc'>1.</span> <span class='ocrx_word' id='word_1_93' title='bbox 165 833 218 858; x_wconf 82' lang='lat' dir='ltr'>ex</span> <span class='ocrx_word' id='word_1_94' title='bbox 235 816 465 858; x_wconf 85' lang='lat' dir='ltr'>occasione</span> <span class='ocrx_word' id='word_1_95' title='bbox 484 815 787 867; x_wconf 74' lang='lat' dir='ltr'>praecedentis</span> <span class='ocrx_word' id='word_1_96' title='bbox 803 814 946 866; x_wconf 82' lang='lat' dir='ltr'>vocis,</span> <span class='ocrx_word' id='word_1_97' title='bbox 966 814 1013 852; x_wconf 91' lang='lat' dir='ltr'>in</span> <span class='ocrx_word' id='word_1_98' title='bbox 1033 816 1234 853; x_wconf 87' lang='lat' dir='ltr'>eamdem</span> <span class='ocrx_word' id='word_1_99' title='bbox 1251 813 1426 853; x_wconf 85' lang='lat' dir='ltr'>literam</span> 
     </span>
     <span class='ocr_line' id='line_1_12' title="bbox 117 869 1427 919; baseline -0.004 -5"><span class='ocrx_word' id='word_1_100' title='bbox 117 873 344 919; x_wconf 76' lang='lat' dir='ltr'>exeuntis,</span> <span class='ocrx_word' id='word_1_101' title='bbox 379 869 668 910; x_wconf 79' lang='lat' dir='ltr'><strong>intercidisse.</strong></span> <span class='ocrx_word' id='word_1_102' title='bbox 732 871 763 912; x_wconf 83' lang='lat' dir='ltr'>l.</span> <span class='ocrx_word' id='word_1_103' title='bbox 798 876 860 912; x_wconf 79' lang='lat'>15.</span> <span class='ocrx_word' id='word_1_104' title='bbox 887 870 932 910; x_wconf 76' lang='grc' dir='ltr'>τοὶ</span> <span class='ocrx_word' id='word_1_105' title='bbox 965 870 1032 919; x_wconf 69' lang='grc' dir='ltr'>γοὶρ</span> <span class='ocrx_word' id='word_1_106' title='bbox 1063 870 1105 909; x_wconf 65' lang='grc' dir='ltr'>τό</span> <span class='ocrx_word' id='word_1_107' title='bbox 1136 870 1252 910; x_wconf 64' lang='lat' dir='ltr'>mima</span> <span class='ocrx_word' id='word_1_108' title='bbox 1281 870 1427 914; x_wconf 61' lang='grc' dir='ltr'>μεγάλοι</span> 
     </span>
     <span class='ocr_line' id='line_1_13' title="bbox 116 923 1425 982; baseline -0.004 -13"><span class='ocrx_word' id='word_1_109' title='bbox 116 927 190 982; x_wconf 60' lang='grc' dir='ltr'>ἦν)</span> <span class='ocrx_word' id='word_1_110' title='bbox 219 928 275 967; x_wconf 91' lang='lat' dir='ltr'>In</span> <span class='ocrx_word' id='word_1_111' title='bbox 303 927 385 967; x_wconf 84' lang='lat' dir='ltr'>Pe.</span> <span class='ocrx_word' id='word_1_112' title='bbox 416 925 478 965; x_wconf 83' lang='lat' dir='ltr'>sic</span> <span class='ocrx_word' id='word_1_113' title='bbox 509 925 716 966; x_wconf 71' lang='lat' dir='ltr'><strong>scribitur</strong></span> <span class='ocrx_word' id='word_1_114' title='bbox 739 926 813 971; x_wconf 69' lang='lat' dir='ltr'>w),</span> <span class='ocrx_word' id='word_1_115' title='bbox 843 926 911 975; x_wconf 72' lang='grc' dir='ltr'>γοὲρ</span> <span class='ocrx_word' id='word_1_116' title='bbox 940 931 1021 964; x_wconf 89' lang='lat' dir='ltr'>etc.</span> <span class='ocrx_word' id='word_1_117' title='bbox 1052 923 1217 964; x_wconf 87' lang='lat' dir='ltr'>inserto</span> <span class='ocrx_word' id='word_1_118' title='bbox 1249 932 1350 976; x_wconf 88' lang='lat' dir='ltr'>post</span> <span class='ocrx_word' id='word_1_119' title='bbox 1377 926 1425 964; x_wconf 78' lang='grc' dir='ltr'>τοὶ</span> 
     </span>
     <span class='ocr_line' id='line_1_14' title="bbox 117 979 1426 1034; baseline -0.005 -10"><span class='ocrx_word' id='word_1_120' title='bbox 117 989 353 1034; x_wconf 81' lang='lat' dir='ltr'>commate,</span> <span class='ocrx_word' id='word_1_121' title='bbox 379 994 468 1032; x_wconf 89' lang='lat' dir='ltr'>quo</span> <span class='ocrx_word' id='word_1_122' title='bbox 492 980 716 1021; x_wconf 86' lang='lat' dir='ltr'>indicatur</span> <span class='ocrx_word' id='word_1_123' title='bbox 741 981 786 1021; x_wconf 72' lang='grc' dir='ltr'>τοὶ</span> <span class='ocrx_word' id='word_1_124' title='bbox 810 992 892 1033; x_wconf 89' lang='lat' dir='ltr'>pro</span> <span class='ocrx_word' id='word_1_125' title='bbox 916 980 941 1020; x_wconf 73' lang='grc' dir='ltr'>οἳ</span> <span class='ocrx_word' id='word_1_126' title='bbox 967 993 1057 1019; x_wconf 92' lang='lat' dir='ltr'>esse</span> <span class='ocrx_word' id='word_1_127' title='bbox 1089 979 1426 1032; x_wconf 87' lang='lat' dir='ltr'>accipiendum:</span> 
     </span>
     <span class='ocr_line' id='line_1_15' title="bbox 117 1034 1429 1088; baseline -0.003 -10"><span class='ocrx_word' id='word_1_128' title='bbox 117 1047 159 1079; x_wconf 85' lang='lat' dir='ltr'>et</span> <span class='ocrx_word' id='word_1_129' title='bbox 183 1038 246 1078; x_wconf 89' lang='lat' dir='ltr'>sic</span> <span class='ocrx_word' id='word_1_130' title='bbox 273 1043 543 1088; x_wconf 73' lang='lat' dir='ltr'>constanter,</span> <span class='ocrx_word' id='word_1_131' title='bbox 576 1036 749 1088; x_wconf 87' lang='lat' dir='ltr'>quoties</span> <span class='ocrx_word' id='word_1_132' title='bbox 779 1035 991 1075; x_wconf 87' lang='lat' dir='ltr'>articulus</span> <span class='ocrx_word' id='word_1_133' title='bbox 1015 1034 1341 1088; x_wconf 80' lang='lat' dir='ltr'>praepositivus</span> <span class='ocrx_word' id='word_1_134' title='bbox 1374 1049 1429 1074; x_wconf 77' lang='lat' dir='ltr'>ex</span> 
     </span>
     <span class='ocr_line' id='line_1_16' title="bbox 108 1090 1426 1146; baseline -0.004 -12"><span class='ocrx_word' id='word_1_135' title='bbox 108 1094 288 1145; x_wconf 87' lang='lat' dir='ltr'>jonicae</span> <span class='ocrx_word' id='word_1_136' title='bbox 307 1091 484 1131; x_wconf 86' lang='lat' dir='ltr'>dialecti</span> <span class='ocrx_word' id='word_1_137' title='bbox 503 1094 599 1146; x_wconf 85' lang='lat' dir='ltr'>lege</span> <span class='ocrx_word' id='word_1_138' title='bbox 617 1105 700 1146; x_wconf 88' lang='lat' dir='ltr'>pro</span> <span class='ocrx_word' id='word_1_139' title='bbox 721 1091 992 1144; x_wconf 84' lang='lat' dir='ltr'>pronomine</span> <span class='ocrx_word' id='word_1_140' title='bbox 1017 1091 1203 1130; x_wconf 87' lang='lat' dir='ltr'>relativo</span> <span class='ocrx_word' id='word_1_141' title='bbox 1229 1090 1426 1143; x_wconf 85' lang='lat' dir='ltr'>ponitur.</span> 
     </span>
     <span class='ocr_line' id='line_1_17' title="bbox 114 1145 1428 1200; baseline -0.004 -11"><span class='ocrx_word' id='word_1_142' title='bbox 114 1150 333 1189; x_wconf 85' lang='lat' dir='ltr'>Eumdem</span> <span class='ocrx_word' id='word_1_143' title='bbox 353 1159 525 1187; x_wconf 86' lang='lat' dir='ltr'>morem</span> <span class='ocrx_word' id='word_1_144' title='bbox 540 1149 807 1200; x_wconf 86' lang='lat' dir='ltr'>plerumque</span> <span class='ocrx_word' id='word_1_145' title='bbox 828 1154 971 1186; x_wconf 80' lang='lat' dir='ltr'>servat</span> <span class='ocrx_word' id='word_1_146' title='bbox 990 1152 1140 1185; x_wconf 89' lang='lat' dir='ltr'>noster</span> <span class='ocrx_word' id='word_1_147' title='bbox 1155 1147 1252 1185; x_wconf 89' lang='lat' dir='ltr'>cod.</span> <span class='ocrx_word' id='word_1_148' title='bbox 1270 1147 1324 1185; x_wconf 83' lang='lat' dir='ltr'>F.</span> <span class='ocrx_word' id='word_1_149' title='bbox 1347 1145 1428 1196; x_wconf 86' lang='lat' dir='ltr'>qui</span> 
     </span>
     <span class='ocr_line' id='line_1_18' title="bbox 113 1201 1426 1258; baseline -0.004 -14"><span class='ocrx_word' id='word_1_150' title='bbox 113 1212 339 1258; x_wconf 86' lang='lat' dir='ltr'>praeterea</span> <span class='ocrx_word' id='word_1_151' title='bbox 353 1209 602 1242; x_wconf 84' lang='lat' dir='ltr'>constanter</span> <span class='ocrx_word' id='word_1_152' title='bbox 612 1203 849 1243; x_wconf 87' lang='lat' dir='ltr'>articulum</span> <span class='ocrx_word' id='word_1_153' title='bbox 863 1201 1213 1254; x_wconf 79' lang='lat' dir='ltr'>praepositivum</span> <span class='ocrx_word' id='word_1_154' title='bbox 1226 1214 1309 1253; x_wconf 87' lang='lat' dir='ltr'>pro</span> <span class='ocrx_word' id='word_1_155' title='bbox 1324 1214 1426 1253; x_wconf 85' lang='lat' dir='ltr'>pro-</span> 
     </span>
     <span class='ocr_line' id='line_1_19' title="bbox 116 1256 1426 1312; baseline -0.004 -12"><span class='ocrx_word' id='word_1_156' title='bbox 116 1259 301 1300; x_wconf 87' lang='lat' dir='ltr'>nomine</span> <span class='ocrx_word' id='word_1_157' title='bbox 330 1258 517 1298; x_wconf 85' lang='lat' dir='ltr'>relativo</span> <span class='ocrx_word' id='word_1_158' title='bbox 548 1259 860 1312; x_wconf 86' lang='lat' dir='ltr'>accipiendum</span> <span class='ocrx_word' id='word_1_159' title='bbox 884 1256 1110 1311; x_wconf 84' lang='lat' dir='ltr'>geminato</span> <span class='ocrx_word' id='word_1_160' title='bbox 1137 1264 1317 1296; x_wconf 84' lang='lat' dir='ltr'>accentu</span> <span class='ocrx_word' id='word_1_161' title='bbox 1344 1269 1426 1295; x_wconf 88' lang='lat' dir='ltr'>no-</span> 
     </span>
     <span class='ocr_line' id='line_1_20' title="bbox 116 1307 1426 1367; baseline -0.004 -12"><span class='ocrx_word' id='word_1_162' title='bbox 116 1322 196 1367; x_wconf 88' lang='lat' dir='ltr'>tat,</span> <span class='ocrx_word' id='word_1_163' title='bbox 230 1316 317 1354; x_wconf 91' lang='lat' dir='ltr'>hoc</span> <span class='ocrx_word' id='word_1_164' title='bbox 345 1315 502 1365; x_wconf 78' lang='lat' dir='ltr'>modo,</span> <span class='ocrx_word' id='word_1_165' title='bbox 531 1315 607 1362; x_wconf 78' lang='grc' dir='ltr'>το“,</span> <span class='ocrx_word' id='word_1_166' title='bbox 635 1315 715 1358; x_wconf 54' lang='lat' dir='ltr'>roll,</span> <span class='ocrx_word' id='word_1_167' title='bbox 741 1313 837 1357; x_wconf 55' lang='lat' dir='ltr'>cdlv,</span> <span class='ocrx_word' id='word_1_168' title='bbox 862 1322 942 1352; x_wconf 89' lang='lat' dir='ltr'>etc.</span> <span class='ocrx_word' id='word_1_169' title='bbox 989 1313 1056 1351; x_wconf 90' lang='lat' dir='ltr'>De</span> <span class='ocrx_word' id='word_1_170' title='bbox 1074 1325 1163 1363; x_wconf 90' lang='lat' dir='ltr'>quo</span> <span class='ocrx_word' id='word_1_171' title='bbox 1185 1314 1321 1351; x_wconf 87' lang='lat' dir='ltr'>semel</span> <span class='ocrx_word' id='word_1_172' title='bbox 1352 1307 1426 1350; x_wconf 83' lang='lat' dir='ltr'>hic</span> 
     </span>
     <span class='ocr_line' id='line_1_21' title="bbox 117 1364 1428 1420; baseline -0.004 -11"><span class='ocrx_word' id='word_1_173' title='bbox 117 1369 343 1410; x_wconf 71' lang='lat' dir='ltr'>monuisse</span> <span class='ocrx_word' id='word_1_174' title='bbox 372 1367 572 1409; x_wconf 69' lang='lat' dir='ltr'>sufficiat.</span> <span class='ocrx_word' id='word_1_175' title='bbox 630 1371 659 1408; x_wconf 84' lang='lat' dir='ltr'>l.</span> <span class='ocrx_word' id='word_1_176' title='bbox 688 1383 750 1420; x_wconf 80' lang='lat'>17.</span> <span class='ocrx_word' id='word_1_177' title='bbox 777 1366 1010 1420; x_wconf 57' lang='grc' dir='ltr'>ἀνθρωπηίην)</span> <span class='ocrx_word' id='word_1_178' title='bbox 1042 1369 1237 1418; x_wconf 64' lang='grc' dir='ltr'>οἷνθρωπίνῆν</span> <span class='ocrx_word' id='word_1_179' title='bbox 1280 1364 1428 1407; x_wconf 78' lang='lat' dir='ltr'>Vlnd.</span> 
     </span>
     <span class='ocr_line' id='line_1_22' title="bbox 118 1422 1428 1475; baseline -0.002 -11"><span class='ocrx_word' id='word_1_180' title='bbox 118 1425 266 1466; x_wconf 75' lang='grc' dir='ltr'>ΑῙὋῘΙ.</span> <span class='ocrx_word' id='word_1_181' title='bbox 291 1426 446 1464; x_wconf 77' lang='lat' dir='ltr'>WEss.</span> <span class='ocrx_word' id='word_1_182' title='bbox 463 1448 519 1455; x_wconf 87' lang='lat'>-·-—</span> <span class='ocrx_word' id='word_1_183' title='bbox 539 1426 732 1475; x_wconf 69' lang='grc' dir='ltr'><em>οἷνθρωπείκν</em></span> <span class='ocrx_word' id='word_1_184' title='bbox 754 1422 839 1461; x_wconf 76' lang='lat' dir='ltr'>Pb·</span> <span class='ocrx_word' id='word_1_185' title='bbox 869 1425 1047 1471; x_wconf 70' lang='lat' dir='ltr'>dv9poe7tc&#39;nv</span> <span class='ocrx_word' id='word_1_186' title='bbox 1073 1422 1160 1461; x_wconf 73' lang='lat' dir='ltr'>Pd</span> <span class='ocrx_word' id='word_1_187' title='bbox 1228 1423 1257 1462; x_wconf 83' lang='lat' dir='ltr'>l.</span> <span class='ocrx_word' id='word_1_188' title='bbox 1286 1438 1345 1473; x_wconf 82' lang='lat'>19.</span> <span class='ocrx_word' id='word_1_189' title='bbox 1373 1424 1428 1462; x_wconf 77' lang='grc' dir='ltr'>ου’·</span> 
     </span>
     <span class='ocr_line' id='line_1_23' title="bbox 117 1475 1428 1532; baseline -0.004 -12"><span class='ocrx_word' id='word_1_190' title='bbox 117 1480 220 1525; x_wconf 54' lang='lat' dir='ltr'>Sauo?</span> <span class='ocrx_word' id='word_1_191' title='bbox 242 1484 270 1520; x_wconf 82' lang='grc' dir='ltr'>ἐν</span> <span class='ocrx_word' id='word_1_192' title='bbox 295 1479 444 1532; x_wconf 71' lang='grc' dir='ltr'>τώυτῷ)</span> <span class='ocrx_word' id='word_1_193' title='bbox 471 1479 622 1525; x_wconf 61' lang='grc' dir='ltr'>οὐδαμοῦ</span> <span class='ocrx_word' id='word_1_194' title='bbox 645 1487 686 1519; x_wconf 85' lang='lat' dir='ltr'>et</span> <span class='ocrx_word' id='word_1_195' title='bbox 716 1482 766 1530; x_wconf 69' lang='grc' dir='ltr'>τῷ</span> <span class='ocrx_word' id='word_1_196' title='bbox 787 1479 884 1529; x_wconf 64' lang='grc' dir='ltr'><strong><em>αὐτῷ’</em></strong></span> <span class='ocrx_word' id='word_1_197' title='bbox 919 1475 1065 1517; x_wconf 75' lang='lat' dir='ltr'>Vind.</span> <span class='ocrx_word' id='word_1_198' title='bbox 1090 1485 1132 1516; x_wconf 73' lang='lat' dir='ltr'>et</span> <span class='ocrx_word' id='word_1_199' title='bbox 1155 1478 1302 1518; x_wconf 71' lang='lat' dir='ltr'>Arch.</span> <span class='ocrx_word' id='word_1_200' title='bbox 1330 1476 1428 1516; x_wconf 74' lang='lat' dir='ltr'>sine</span> 
     </span>
     <span class='ocr_line' id='line_1_24' title="bbox 119 1532 1426 1587; baseline -0.003 -12"><span class='ocrx_word' id='word_1_201' title='bbox 119 1549 280 1575; x_wconf 85' lang='lat' dir='ltr'>caussa.</span> <span class='ocrx_word' id='word_1_202' title='bbox 303 1534 468 1575; x_wconf 71' lang='lat' dir='ltr'>Wssss.</span> <span class='ocrx_word' id='word_1_203' title='bbox 483 1559 539 1565; x_wconf 96' lang='lat'>—</span> <span class='ocrx_word' id='word_1_204' title='bbox 559 1536 681 1586; x_wconf 61' lang='grc' dir='ltr'>1-ῶῦτῷ</span> <span class='ocrx_word' id='word_1_205' title='bbox 700 1535 838 1587; x_wconf 83' lang='lat' dir='ltr'>vulgo</span> <span class='ocrx_word' id='word_1_206' title='bbox 854 1533 1127 1572; x_wconf 81' lang='lat' dir='ltr'>scribebatur</span> <span class='ocrx_word' id='word_1_207' title='bbox 1147 1533 1194 1571; x_wconf 90' lang='lat' dir='ltr'>in</span> <span class='ocrx_word' id='word_1_208' title='bbox 1217 1532 1426 1573; x_wconf 83' lang='lat' dir='ltr'>editioni-</span> 
     </span>
     <span class='ocr_line' id='line_1_25' title="bbox 117 1588 1425 1643; baseline -0.002 -13"><span class='ocrx_word' id='word_1_209' title='bbox 117 1591 201 1630; x_wconf 81' lang='lat' dir='ltr'>bus</span> <span class='ocrx_word' id='word_1_210' title='bbox 227 1591 465 1630; x_wconf 86' lang='lat' dir='ltr'>omnihus:</span> <span class='ocrx_word' id='word_1_211' title='bbox 485 1603 565 1630; x_wconf 90' lang='lat' dir='ltr'>nos</span> <span class='ocrx_word' id='word_1_212' title='bbox 584 1596 747 1643; x_wconf 89' lang='lat' dir='ltr'>puncta</span> <span class='ocrx_word' id='word_1_213' title='bbox 771 1588 1004 1628; x_wconf 83' lang='lat' dir='ltr'>diaeretica</span> <span class='ocrx_word' id='word_1_214' title='bbox 1024 1588 1266 1627; x_wconf 84' lang='lat' dir='ltr'>abiecimus</span> <span class='ocrx_word' id='word_1_215' title='bbox 1283 1603 1336 1628; x_wconf 85' lang='lat' dir='ltr'>ex</span> <span class='ocrx_word' id='word_1_216' title='bbox 1353 1601 1425 1627; x_wconf 87' lang='lat' dir='ltr'>co-</span> 
     </span>
     <span class='ocr_line' id='line_1_26' title="bbox 119 1643 1429 1698; baseline -0.002 -13"><span class='ocrx_word' id='word_1_217' title='bbox 119 1646 269 1685; x_wconf 90' lang='lat' dir='ltr'>dicum</span> <span class='ocrx_word' id='word_1_218' title='bbox 293 1651 546 1685; x_wconf 82' lang='lat' dir='ltr'>nostrorum</span> <span class='ocrx_word' id='word_1_219' title='bbox 572 1644 865 1698; x_wconf 81' lang='lat' dir='ltr'>praescripto,</span> <span class='ocrx_word' id='word_1_220' title='bbox 899 1645 954 1683; x_wconf 91' lang='lat' dir='ltr'>de</span> <span class='ocrx_word' id='word_1_221' title='bbox 982 1656 1072 1694; x_wconf 85' lang='lat' dir='ltr'>quo</span> <span class='ocrx_word' id='word_1_222' title='bbox 1094 1657 1226 1696; x_wconf 88' lang='lat' dir='ltr'>supra</span> <span class='ocrx_word' id='word_1_223' title='bbox 1258 1643 1429 1682; x_wconf 76' lang='lat' dir='ltr'>dictum-</span> 
     </span>
     <span class='ocr_line' id='line_1_27' title="bbox 117 1700 565 1742; baseline -0.007 -1"><span class='ocrx_word' id='word_1_224' title='bbox 117 1702 174 1741; x_wconf 88' lang='lat' dir='ltr'>ad</span> <span class='ocrx_word' id='word_1_225' title='bbox 199 1703 403 1741; x_wconf 87' lang='lat' dir='ltr'>Prooem.</span> <span class='ocrx_word' id='word_1_226' title='bbox 428 1700 507 1740; x_wconf 92' lang='lat' dir='ltr'>lin.</span> <span class='ocrx_word' id='word_1_227' title='bbox 529 1705 565 1742; x_wconf 84' lang='lat'>3.</span> 
     </span>
    </p>

    <p class='ocr_par' dir='ltr' id='par_1_3' title="bbox 120 1752 1474 2531">
     <span class='ocr_line' id='line_1_28' title="bbox 177 1752 1428 1806; baseline -0.005 -8"><span class='ocrx_word' id='word_1_228' title='bbox 177 1756 323 1798; x_wconf 82' lang='lat' dir='ltr'><em>CAP·</em></span> <span class='ocrx_word' id='word_1_229' title='bbox 355 1756 443 1797; x_wconf 85' lang='lat' dir='ltr'>VJ·</span> <span class='ocrx_word' id='word_1_230' title='bbox 468 1753 578 1797; x_wconf 73' lang='lat' dir='ltr'>Lin.</span> <span class='ocrx_word' id='word_1_231' title='bbox 602 1770 636 1794; x_wconf 90' lang='lat'>1.</span> <span class='ocrx_word' id='word_1_232' title='bbox 662 1755 768 1800; x_wconf 69' lang='grc' dir='ltr'>Λυδδς</span> <span class='ocrx_word' id='word_1_233' title='bbox 790 1761 848 1801; x_wconf 71' lang='grc' dir='ltr'>μὲν</span> <span class='ocrx_word' id='word_1_234' title='bbox 871 1752 990 1806; x_wconf 66' lang='grc' dir='ltr'>γένος)</span> <span class='ocrx_word' id='word_1_235' title='bbox 1019 1763 1060 1794; x_wconf 89' lang='grc' dir='ltr'>Λ.</span> <span class='ocrx_word' id='word_1_236' title='bbox 1087 1772 1128 1799; x_wconf 72' lang='grc' dir='ltr'>μ.</span> <span class='ocrx_word' id='word_1_237' title='bbox 1148 1755 1189 1793; x_wconf 64' lang='lat' dir='ltr'>ro*</span> <span class='ocrx_word' id='word_1_238' title='bbox 1214 1757 1302 1799; x_wconf 69' lang='grc' dir='ltr'><em>γένος</em></span> <span class='ocrx_word' id='word_1_239' title='bbox 1326 1755 1428 1794; x_wconf 73' lang='grc' dir='ltr'>ΑΜ.</span> 
     </span>
     <span class='ocr_line' id='line_1_29' title="bbox 120 1806 1429 1865; baseline -0.004 -14"><span class='ocrx_word' id='word_1_240' title='bbox 120 1809 350 1865; x_wconf 84' lang='lat' dir='ltr'>[aliaeque</span> <span class='ocrx_word' id='word_1_241' title='bbox 374 1812 495 1851; x_wconf 86' lang='lat' dir='ltr'>editt.</span> <span class='ocrx_word' id='word_1_242' title='bbox 524 1818 624 1850; x_wconf 88' lang='lat' dir='ltr'>ante</span> <span class='ocrx_word' id='word_1_243' title='bbox 649 1808 815 1863; x_wconf 87' lang='lat' dir='ltr'>Gr0n.]</span> <span class='ocrx_word' id='word_1_244' title='bbox 847 1817 889 1849; x_wconf 90' lang='lat' dir='ltr'>et</span> <span class='ocrx_word' id='word_1_245' title='bbox 915 1806 1199 1848; x_wconf 81' lang='lat' dir='ltr'>Priscianus</span> <span class='ocrx_word' id='word_1_246' title='bbox 1226 1823 1270 1861; x_wconf 85' lang='lat' dir='ltr'>p.</span> <span class='ocrx_word' id='word_1_247' title='bbox 1309 1813 1429 1861; x_wconf 80' lang='lat'>1169.</span> 
     </span>
     <span class='ocr_line' id='line_1_30' title="bbox 121 1864 1428 1907; baseline -0.002 -1"><span class='ocrx_word' id='word_1_248' title='bbox 121 1868 189 1906; x_wconf 86' lang='lat' dir='ltr'>ed.</span> <span class='ocrx_word' id='word_1_249' title='bbox 208 1869 382 1907; x_wconf 87' lang='lat' dir='ltr'>Putsch.</span> <span class='ocrx_word' id='word_1_250' title='bbox 407 1870 542 1907; x_wconf 87' lang='lat' dir='ltr'>Recte</span> <span class='ocrx_word' id='word_1_251' title='bbox 563 1865 772 1907; x_wconf 86' lang='lat' dir='ltr'>articulus</span> <span class='ocrx_word' id='word_1_252' title='bbox 794 1867 915 1905; x_wconf 88' lang='lat' dir='ltr'>abest</span> <span class='ocrx_word' id='word_1_253' title='bbox 929 1877 952 1902; x_wconf 85' lang='lat' dir='ltr'>a</span> <span class='ocrx_word' id='word_1_254' title='bbox 977 1865 1099 1904; x_wconf 80' lang='lat' dir='ltr'>Med.</span> <span class='ocrx_word' id='word_1_255' title='bbox 1123 1865 1270 1905; x_wconf 77' lang='lat' dir='ltr'>Arch.</span> <span class='ocrx_word' id='word_1_256' title='bbox 1293 1864 1428 1904; x_wconf 77' lang='lat' dir='ltr'>Pass.</span> 
     </span>
     <span class='ocr_line' id='line_1_31' title="bbox 120 1918 1427 1979; baseline -0.001 -18"><span class='ocrx_word' id='word_1_257' title='bbox 120 1919 361 1979; x_wconf 81' lang='lat' dir='ltr'>Dionysio</span> <span class='ocrx_word' id='word_1_258' title='bbox 384 1920 547 1963; x_wconf 81' lang='lat' dir='ltr'>Halic.</span> <span class='ocrx_word' id='word_1_259' title='bbox 571 1926 641 1973; x_wconf 71' lang='grc' dir='ltr'>περὶ</span> <span class='ocrx_word' id='word_1_260' title='bbox 659 1925 755 1962; x_wconf 75' lang='grc' dir='ltr'><strong>Συνθ.</strong></span> <span class='ocrx_word' id='word_1_261' title='bbox 774 1922 893 1966; x_wconf 77' lang='grc' dir='ltr'><strong>Ὀνομ.</strong></span> <span class='ocrx_word' id='word_1_262' title='bbox 914 1934 949 1958; x_wconf 86' lang='lat' dir='ltr'>c.</span> <span class='ocrx_word' id='word_1_263' title='bbox 970 1932 1008 1969; x_wconf 76' lang='lat'>4.</span> <span class='ocrx_word' id='word_1_264' title='bbox 1031 1918 1249 1960; x_wconf 73' lang='lat' dir='ltr'>Maximo</span> <span class='ocrx_word' id='word_1_265' title='bbox 1278 1918 1427 1977; x_wconf 81' lang='lat' dir='ltr'>Tyrio</span> 
     </span>
     <span class='ocr_line' id='line_1_32' title="bbox 122 1972 1428 2033; baseline -0.002 -17"><span class='ocrx_word' id='word_1_266' title='bbox 122 1977 302 2018; x_wconf 90' lang='lat' dir='ltr'>Dissert.</span> <span class='ocrx_word' id='word_1_267' title='bbox 319 1980 385 2018; x_wconf 88' lang='lat'>28.</span> <span class='ocrx_word' id='word_1_268' title='bbox 408 1992 506 2033; x_wconf 81' lang='lat' dir='ltr'>pag.</span> <span class='ocrx_word' id='word_1_269' title='bbox 524 1982 615 2029; x_wconf 83' lang='lat'><strong>339.</strong></span> <span class='ocrx_word' id='word_1_270' title='bbox 644 1984 686 2016; x_wconf 87' lang='lat' dir='ltr'>et</span> <span class='ocrx_word' id='word_1_271' title='bbox 708 1975 860 2016; x_wconf 80' lang='lat' dir='ltr'>Schol.</span> <span class='ocrx_word' id='word_1_272' title='bbox 884 1972 1198 2032; x_wconf 73' lang='lat' dir='ltr'>Hermogenis</span> <span class='ocrx_word' id='word_1_273' title='bbox 1214 1988 1312 2029; x_wconf 82' lang='lat' dir='ltr'>pag.</span> <span class='ocrx_word' id='word_1_274' title='bbox 1335 1978 1428 2017; x_wconf 75' lang='lat'><strong>385.</strong></span> 
     </span>
     <span class='ocr_line' id='line_1_33' title="bbox 122 2028 1429 2086; baseline -0.002 -15"><span class='ocrx_word' id='word_1_275' title='bbox 122 2033 247 2086; x_wconf 74' lang='lat' dir='ltr'>Quae</span> <span class='ocrx_word' id='word_1_276' title='bbox 264 2042 528 2086; x_wconf 71' lang='lat' dir='ltr'>sequuntur,</span> <span class='ocrx_word' id='word_1_277' title='bbox 545 2033 696 2073; x_wconf 83' lang='lat' dir='ltr'>laudat</span> <span class='ocrx_word' id='word_1_278' title='bbox 713 2028 997 2072; x_wconf 75' lang='lat' dir='ltr'>Ammonius</span> <span class='ocrx_word' id='word_1_279' title='bbox 1009 2030 1057 2069; x_wconf 90' lang='lat' dir='ltr'>in</span> <span class='ocrx_word' id='word_1_280' title='bbox 1069 2032 1251 2081; x_wconf 70' lang='grc' dir='ltr'><em>Τύραννος,</em></span> <span class='ocrx_word' id='word_1_281' title='bbox 1268 2044 1292 2069; x_wconf 86' lang='lat' dir='ltr'>a</span> <span class='ocrx_word' id='word_1_282' title='bbox 1313 2031 1429 2070; x_wconf 75' lang='lat' dir='ltr'>Val-</span> 
     </span>
     <span class='ocr_line' id='line_1_34' title="bbox 121 2085 1429 2132; baseline 0 -6"><span class='ocrx_word' id='word_1_283' title='bbox 121 2085 342 2128; x_wconf 76' lang='lat' dir='ltr'>ckenario</span> <span class='ocrx_word' id='word_1_284' title='bbox 365 2089 478 2128; x_wconf 88' lang='lat' dir='ltr'>bene</span> <span class='ocrx_word' id='word_1_285' title='bbox 505 2089 782 2129; x_wconf 87' lang='lat' dir='ltr'>instauratus.</span> <span class='ocrx_word' id='word_1_286' title='bbox 811 2088 975 2126; x_wconf 84' lang='lat' dir='ltr'><strong>WESS.</strong></span> <span class='ocrx_word' id='word_1_287' title='bbox 996 2110 1050 2116; x_wconf 93' lang='lat'>—</span> <span class='ocrx_word' id='word_1_288' title='bbox 1084 2085 1163 2126; x_wconf 67' lang='grc' dir='ltr'>Λυδ.</span> <span class='ocrx_word' id='word_1_289' title='bbox 1196 2092 1254 2131; x_wconf 77' lang='grc' dir='ltr'>μὲν</span> <span class='ocrx_word' id='word_1_290' title='bbox 1281 2086 1321 2125; x_wconf 67' lang='grc' dir='ltr'>το·</span> <span class='ocrx_word' id='word_1_291' title='bbox 1339 2090 1429 2132; x_wconf 70' lang='grc' dir='ltr'><em>γένος</em></span> 
     </span>
     <span class='ocr_line' id='line_1_35' title="bbox 122 2140 1428 2191; baseline -0.001 -9"><span class='ocrx_word' id='word_1_292' title='bbox 122 2155 226 2182; x_wconf 87' lang='lat' dir='ltr'>cum</span> <span class='ocrx_word' id='word_1_293' title='bbox 246 2143 373 2184; x_wconf 86' lang='lat' dir='ltr'>Aldo</span> <span class='ocrx_word' id='word_1_294' title='bbox 395 2145 530 2184; x_wconf 85' lang='lat' dir='ltr'>habet</span> <span class='ocrx_word' id='word_1_295' title='bbox 548 2145 628 2185; x_wconf 88' lang='lat' dir='ltr'>Pe.</span> <span class='ocrx_word' id='word_1_296' title='bbox 651 2151 691 2183; x_wconf 90' lang='lat' dir='ltr'>et</span> <span class='ocrx_word' id='word_1_297' title='bbox 711 2143 772 2182; x_wconf 86' lang='lat' dir='ltr'>sic</span> <span class='ocrx_word' id='word_1_298' title='bbox 797 2140 970 2182; x_wconf 80' lang='lat' dir='ltr'>Suidas</span> <span class='ocrx_word' id='word_1_299' title='bbox 1002 2141 1050 2180; x_wconf 87' lang='lat' dir='ltr'>in</span> <span class='ocrx_word' id='word_1_300' title='bbox 1074 2146 1219 2191; x_wconf 61' lang='grc' dir='ltr'>Κροῖσος.</span> <span class='ocrx_word' id='word_1_301' title='bbox 1248 2141 1355 2186; x_wconf 71' lang='grc' dir='ltr'>Λυδᾶς</span> <span class='ocrx_word' id='word_1_302' title='bbox 1385 2143 1428 2181; x_wconf 67' lang='lat' dir='ltr'>ro*</span> 
     </span>
     <span class='ocr_line' id='line_1_36' title="bbox 121 2196 1428 2251; baseline -0.002 -13"><span class='ocrx_word' id='word_1_303' title='bbox 121 2201 209 2244; x_wconf 62' lang='grc' dir='ltr'><em>γένος</em></span> <span class='ocrx_word' id='word_1_304' title='bbox 225 2199 315 2240; x_wconf 86' lang='lat' dir='ltr'>Pd.</span> <span class='ocrx_word' id='word_1_305' title='bbox 347 2199 528 2251; x_wconf 86' lang='lat' dir='ltr'>Reliqui</span> <span class='ocrx_word' id='word_1_306' title='bbox 547 2199 685 2239; x_wconf 88' lang='lat' dir='ltr'>nostri</span> <span class='ocrx_word' id='word_1_307' title='bbox 715 2197 948 2237; x_wconf 85' lang='lat' dir='ltr'>articulum</span> <span class='ocrx_word' id='word_1_308' title='bbox 972 2196 1193 2251; x_wconf 82' lang='lat' dir='ltr'>ignorant.</span> <span class='ocrx_word' id='word_1_309' title='bbox 1249 2196 1280 2234; x_wconf 92' lang='lat' dir='ltr'>l.</span> <span class='ocrx_word' id='word_1_310' title='bbox 1302 2201 1339 2236; x_wconf 83' lang='lat'>3.</span> <span class='ocrx_word' id='word_1_311' title='bbox 1361 2214 1428 2241; x_wconf 74' lang='grc' dir='ltr'>με·</span> 
     </span>
     <span class='ocr_line' id='line_1_37' title="bbox 120 2250 1426 2305; baseline -0.002 -12"><span class='ocrx_word' id='word_1_312' title='bbox 120 2254 208 2299; x_wconf 53' lang='lat' dir='ltr'>rx&amp;</span> <span class='ocrx_word' id='word_1_313' title='bbox 226 2254 338 2304; x_wconf 71' lang='grc' dir='ltr'>Σύρων</span> <span class='ocrx_word' id='word_1_314' title='bbox 361 2259 420 2294; x_wconf 74' lang='grc' dir='ltr'>καὶ</span> <span class='ocrx_word' id='word_1_315' title='bbox 444 2252 711 2305; x_wconf 68' lang='grc' dir='ltr'>Παφλκγόνων)</span> <span class='ocrx_word' id='word_1_316' title='bbox 740 2256 839 2292; x_wconf 85' lang='lat' dir='ltr'>Non</span> <span class='ocrx_word' id='word_1_317' title='bbox 863 2253 989 2292; x_wconf 81' lang='lat' dir='ltr'>aliter</span> <span class='ocrx_word' id='word_1_318' title='bbox 1008 2253 1184 2302; x_wconf 77' lang='lat' dir='ltr'>Strah0‚</span> <span class='ocrx_word' id='word_1_319' title='bbox 1208 2250 1278 2291; x_wconf 80' lang='lat' dir='ltr'>his</span> <span class='ocrx_word' id='word_1_320' title='bbox 1299 2266 1426 2303; x_wconf 81' lang='lat' dir='ltr'>usus,</span> 
     </span>
     <span class='ocr_line' id='line_1_38' title="bbox 121 2303 1427 2363; baseline -0.002 -16"><span class='ocrx_word' id='word_1_321' title='bbox 121 2307 200 2347; x_wconf 90' lang='lat' dir='ltr'>lib.</span> <span class='ocrx_word' id='word_1_322' title='bbox 217 2308 324 2348; x_wconf 87' lang='lat' dir='ltr'>XII.</span> <span class='ocrx_word' id='word_1_323' title='bbox 343 2323 389 2361; x_wconf 89' lang='lat' dir='ltr'>p.</span> <span class='ocrx_word' id='word_1_324' title='bbox 413 2312 504 2361; x_wconf 83' lang='lat'><strong>819.</strong></span> <span class='ocrx_word' id='word_1_325' title='bbox 531 2309 601 2362; x_wconf 89' lang='lat' dir='ltr'>[p.</span> <span class='ocrx_word' id='word_1_326' title='bbox 625 2312 713 2359; x_wconf 70' lang='lat'><strong>544-</strong></span> <span class='ocrx_word' id='word_1_327' title='bbox 731 2311 797 2348; x_wconf 83' lang='lat' dir='ltr'>cd.</span> <span class='ocrx_word' id='word_1_328' title='bbox 818 2306 937 2361; x_wconf 85' lang='lat' dir='ltr'>Cas.]</span> <span class='ocrx_word' id='word_1_329' title='bbox 962 2314 1003 2347; x_wconf 88' lang='lat' dir='ltr'>et</span> <span class='ocrx_word' id='word_1_330' title='bbox 1026 2303 1317 2363; x_wconf 80' lang='lat' dir='ltr'>Dionysius,</span> <span class='ocrx_word' id='word_1_331' title='bbox 1345 2319 1427 2345; x_wconf 83' lang='lat' dir='ltr'>nec</span> 
     </span>
     <span class='ocr_line' id='line_1_39' title="bbox 124 2361 1427 2406; baseline -0.003 -4"><span class='ocrx_word' id='word_1_332' title='bbox 124 2362 386 2404; x_wconf 86' lang='lat' dir='ltr'>dissentiunt</span> <span class='ocrx_word' id='word_1_333' title='bbox 415 2364 563 2406; x_wconf 77' lang='lat' dir='ltr'>mssti.</span> <span class='ocrx_word' id='word_1_334' title='bbox 593 2364 756 2404; x_wconf 76' lang='lat' dir='ltr'>WEss.</span> <span class='ocrx_word' id='word_1_335' title='bbox 782 2387 832 2393; x_wconf 92' lang='lat'>—</span> <span class='ocrx_word' id='word_1_336' title='bbox 867 2363 993 2402; x_wconf 88' lang='lat' dir='ltr'>Conf.</span> <span class='ocrx_word' id='word_1_337' title='bbox 1027 2363 1145 2402; x_wconf 80' lang='lat' dir='ltr'>Var.</span> <span class='ocrx_word' id='word_1_338' title='bbox 1167 2363 1293 2401; x_wconf 84' lang='lat' dir='ltr'>Lecc.</span> <span class='ocrx_word' id='word_1_339' title='bbox 1314 2363 1369 2400; x_wconf 87' lang='lat' dir='ltr'>ad</span> <span class='ocrx_word' id='word_1_340' title='bbox 1385 2361 1427 2399; x_wconf 86' lang='grc' dir='ltr'>Ι.</span> 
     </span>
     <span class='ocr_line' id='line_1_40' title="bbox 126 2415 1474 2474; baseline -0.001 -15"><span class='ocrx_word' id='word_1_341' title='bbox 126 2430 199 2470; x_wconf 79' lang='lat'>72,</span> <span class='ocrx_word' id='word_1_342' title='bbox 223 2433 261 2470; x_wconf 84' lang='lat'>9·</span> <span class='ocrx_word' id='word_1_343' title='bbox 318 2420 346 2459; x_wconf 84' lang='lat' dir='ltr'>l.</span> <span class='ocrx_word' id='word_1_344' title='bbox 365 2434 403 2470; x_wconf 80' lang='lat'>4·</span> <span class='ocrx_word' id='word_1_345' title='bbox 424 2420 528 2473; x_wconf 73' lang='grc' dir='ltr'>ἐξίει)</span> <span class='ocrx_word' id='word_1_346' title='bbox 552 2423 650 2467; x_wconf 65' lang='grc' dir='ltr'><strong><em>ἐξίησι</em></strong></span> <span class='ocrx_word' id='word_1_347' title='bbox 669 2420 750 2468; x_wconf 71' lang='grc' dir='ltr'>πρδς</span> <span class='ocrx_word' id='word_1_348' title='bbox 766 2422 879 2468; x_wconf 65' lang='grc' dir='ltr'><em>Βορέαν</em></span> <span class='ocrx_word' id='word_1_349' title='bbox 903 2416 1166 2474; x_wconf 68' lang='lat' dir='ltr'>Dionysius</span> <span class='ocrx_word' id='word_1_350' title='bbox 1190 2415 1268 2469; x_wconf 86' lang='grc' dir='ltr'>[Τ.</span> <span class='ocrx_word' id='word_1_351' title='bbox 1286 2419 1337 2456; x_wconf 83' lang='lat' dir='ltr'>V.</span> <span class='ocrx_word' id='word_1_352' title='bbox 1354 2418 1426 2457; x_wconf 79' lang='lat' dir='ltr'>ed·</span> <span class='ocrx_word' id='word_1_353' title='bbox 1461 2460 1474 2474; x_wconf 62' lang='grc'>’</span> 
     </span>
     <span class='ocr_line' id='line_1_41' title="bbox 123 2469 1425 2531; baseline -0.003 -18"><span class='ocrx_word' id='word_1_354' title='bbox 123 2473 272 2515; x_wconf 80' lang='lat' dir='ltr'>Reisk.</span> <span class='ocrx_word' id='word_1_355' title='bbox 292 2488 394 2530; x_wconf 87' lang='lat' dir='ltr'>pag·</span> <span class='ocrx_word' id='word_1_356' title='bbox 410 2474 502 2529; x_wconf 83' lang='lat'><strong>26.]</strong></span> <span class='ocrx_word' id='word_1_357' title='bbox 522 2484 564 2517; x_wconf 91' lang='lat' dir='ltr'>et</span> <span class='ocrx_word' id='word_1_358' title='bbox 583 2474 735 2517; x_wconf 75' lang='lat' dir='ltr'>Schol.</span> <span class='ocrx_word' id='word_1_359' title='bbox 754 2475 1004 2531; x_wconf 79' lang='lat' dir='ltr'>Hermog.‚·</span> <span class='ocrx_word' id='word_1_360' title='bbox 1036 2469 1280 2514; x_wconf 70' lang='lat' dir='ltr'>Maaeimus</span> <span class='ocrx_word' id='word_1_361' title='bbox 1315 2472 1425 2530; x_wconf 75' lang='lat' dir='ltr'>Tyr.</span> 
     </span>
    </p>
   </div>
  </div>
 </body>
</html>
