1732 2951
329 203 397 252 50
529 201 955 251 VARIETAS
1004 167 1452 255 LECTIONIS

337 316 461 358 Med.
494 315 590 357 sine
624 329 785 356 caussa.
809 318 962 357 W‘Ess.
990 340 1046 348 —
1076 316 1149 357 Sic
1172 322 1324 359 tamen
1346 325 1389 359 et
1417 319 1468 360 F.
1491 323 1534 360 et
1559 317 1646 360 Pe.

335 373 365 412 l.
397 379 432 415 5.
461 387 550 425 seq·
580 372 726 418 αὔξηται
749 374 778 417 ἐς
805 375 930 416 πλῆθος
948 374 1014 411 τῶν
1042 376 1171 419 εθνέων,
1199 377 1335 416 ’πολλῶν
1354 375 1515 419 μοι’λισ-τοι
1539 373 1645 428 etc.)

333 427 623 483 conjungunt
637 428 773 480 vulgo
793 429 821 472 ἔς
832 429 957 472 πλῆθος
969 429 1034 465 τῶν
1051 430 1155 468 ἐθνέων
1170 431 1317 473 πολλῶν,
1336 437 1430 469 tum
1445 429 1645 483 interpo-

332 483 416 523 sito
444 490 662 523 commate
681 488 896 536 pergunt,
917 483 1079 526 μάλιστα
1098 501 1305 533 προσκεχωρ.
1335 485 1433 535 αὐτῷ
1450 489 1508 525 καὶ
1529 485 1645 526 ἄλλων

331 546 412 579 etc.
444 538 662 590 Equidem
683 537 893 590 adoptavi
914 536 1324 589 interpunctionem
1349 552 1482 590 quam
1501 540 1648 593 praei-

330 602 491 634 verunt
508 594 680 634 codices
695 592 844 645 nostri,
859 593 1118 645 praesertim
1129 593 1184 634 F.
1201 593 1286 633 Pa.
1299 593 1383 634 Pc.
1397 596 1483 635 Pro
1495 599 1646 649 πολλῶν,

332 650 491 690 vitiose
509 653 631 690 πολλῶ
650 649 865 701 scriptum
889 647 936 687 in
963 646 1048 688 Pb.
1075 648 1161 688 Pd.
1188 648 1305 689 Dein
1328 650 1517 700 βαρβάρων,
1539 658 1643 690 ante

329 709 483 755 συχνῶν,
504 711 619 744 caret
634 704 716 744 Pe.
733 706 864 744 male.
925 704 954 742 l.
977 716 1015 753 7.
1033 706 1080 749 ὦς
1101 703 1138 747 δή
1159 701 1200 744 ‹Zv
1218 707 1315 749 ε’,υ-οί
1336 723 1379 745 τε
1401 703 1523 758 δοκέει)
1541 707 1644 757 πρδς

331 760 368 805 δῆ
394 757 435 800 ὧν
458 758 628 800 Medic.
650 762 699 805 ὥς
718 759 754 802 ἓν)
779 757 822 799 ὧν
840 759 949 799 Ald.
975 759 1127 800 etalii.
1146 762 1305 800 W'ess.
1333 783 1385 790 --
1412 760 1518 810 πρδς
1541 774 1644 801 cum

330 817 456 856 Med.
480 817 611 855 habet
635 817 681 854 F.
699 822 739 855 ct
757 814 827 868 (ni
845 815 1000 869 fallor)
1013 816 1100 856 Pa.
1117 814 1201 854 Pb.
1221 816 1305 856 Pe.
1323 815 1413 857 Pd.
1433 821 1475 854 et
1493 814 1556 855 sic
1573 817 1643 856 ed.

331 872 478 911 Gron.
493 877 534 910 et
554 885 676 922 seqq.
707 873 761 909 ln
786 873 826 916 ὥς
839 884 937 910 cum
959 871 1084 911 Aldo
1103 871 1321 911 consentit
1339 870 1419 912 Pe.
1438 872 1559 922 quod
1576 885 1645 911 re-

330 928 583 967 vocandum
617 926 729 965 mihi
754 940 856 966 cuni
883 924 1075 966 Beiskio
1103 925 1250 966 visum
1276 933 1381 966 erat.
1415 927 1645 966 Structura

330 982 544 1022 orationis
565 981 724 1021 similis
747 988 807 1021 est
834 980 874 1020 ci
890 1011 901 1033 7
928 995 1016 1032 qua
1038 995 1073 1021 c.
1090 983 1162 1033 65,
1184 995 1248 1024 20.
1271 989 1313 1021 et
1335 981 1447 1022 alibi
1465 982 1643 1035 saepius

330 1037 469 1077 utitur
488 1040 658 1077 Noster.
700 1039 752 1076 In
782 1040 856 1080 ἐμοί
877 1055 912 1076 τε
938 1036 1003 1076 nil
1030 1035 1279 1090 discrepant
1311 1044 1479 1085 veteres
1511 1038 1642 1078 libri:

330 1095 609 1133 commodius
639 1101 784 1132 tamen
818 1091 998 1132 sortasse
1029 1110 1077 1137 ’γε
1109 1105 1192 1144 pro
1224 1111 1262 1133 τε
1296 1090 1500 1145 posueris
1539 1107 1643 1133 cum

327 1146 507 1205 Schaaf
527 1156 567 1188 et
583 1149 729 1189 Bor-h.
754 1155 995 1200 praeeunte
1009 1145 1163 1188 Reisk.
1221 1149 1249 1187 l.
1274 1154 1310 1189 8.
1333 1147 1500 1200 ου’ὃκμοῒ)
1522 1148 1642 1189 οὖδα-

326 1205 382 1251 μοὶ
398 1206 453 1244 F.
474 1205 561 1245 Pa.
581 1206 664 1246 Pe.
685 1217 775 1242 non
797 1205 927 1242 male.
949 1204 1003 1243 cf.
1026 1217 1061 1243 c.
1085 1207 1147 1248 56,
1166 1214 1203 1242 2.

383 1259 531 1301 CAP.
550 1260 679 1300 LJA'-
702 1256 809 1300 Lin-
827 1272 864 1299 2.
884 1256 1140 1311 διεσπασμένον)
1156 1260 1393 1311 perperam
1410 1258 1640 1310 διεσπαρμένον

327 1315 408 1355 Pe.
467 1316 496 1353 l.
520 1319 556 1355 8.
584 1315 725 1368 Χίλων)
750 1314 822 1354 Sic
839 1315 960 1355 Med.
976 1314 1047 1354 cui
1065 1314 1309 1355 adsentitur
1322 1315 1491 1356 Aldus.
1513 1318 1644 1355 Χείλων

326 1370 375 1410 in
394 1371 544 1423 editis,
566 1370 675 1424 [scil.
691 1377 791 1409 ante
809 1370 954 1410 Gron.
970 1369 1076 1409 inde
1097 1382 1122 1408 a
1137 1368 1310 1423 Steph.]
1331 1377 1372 1409 et
1389 1382 1494 1408 mox
1513 1373 1642 1409 Χείλω-

327 1445 386 1472 vag.
404 1428 556 1466 WEss.
582 1449 627 1456 -—
651 1430 734 1467 Χίλ.
756 1431 906 1465 tenent
922 1424 1028 1465 libri
1046 1424 1183 1464 nostri
1197 1438 1365 1465 omnes.
1395 1427 1503 1464 Mox
1515 1437 1637 1469 vero,

326 1495 410 1534 pro
430 1482 658 1534 παρατυχών,
681 1488 742 1520 est
761 1482 929 1529 ἐπιτυχών
952 1481 998 1520 in
1023 1481 1104 1522 Pe.
1161 1480 1191 1519 l.
1219 1497 1257 1534 9.
1284 1481 1520 1529 συνεβούλευε)
1550 1497 1641 1520 συνε-

323 1537 475 1581 βούλευεν
491 1537 598 1578 Ald.
615 1538 815 1594 Hercag.
829 1537 1017 1579 συνεβούλεε
1034 1536 1158 1577 Med.
1169 1538 1252 1576 W‘E
1263 1550 1325 1576 ss.
1345 1559 1399 1567 —
1417 1534 1639 1576 Vitiosam

327 1591 492 1632 codicis
516 1593 640 1633 Med.
663 1592 925 1645 scripturam
956 1593 1075 1632 bona
1100 1590 1188 1631 fide
1206 1593 1492 1644 adoptaverat
1517 1591 1638 1630 Gro-

326 1661 427 1689 nov.
447 1648 629 1688 ionismi
649 1648 876 1688 lenitatem
896 1647 943 1686 in
960 1662 1009 1687 ea
1028 1647 1222 1700 reperire
1240 1647 1326 1687 sibi
1341 1647 1473 1687 visus.
1500 1643 1639 1688 Aldi-

325 1717 460 1751 nam,
490 1717 604 1755 quae
625 1711 667 1743 et
690 1700 918 1756 Stephani
941 1711 1051 1755 erat,
1077 1703 1305 1743 revocavit
1333 1705 1482 1744 Wess.
1506 1709 1549 1742 et
1574 1710 1637 1742 te-

325 1773 464 1800 nuere
491 1759 583 1799 alii.
623 1759 830 1802 συνεβούλευε
862 1760 1076 1798 debuerat
1103 1759 1218 1799 Med.
1250 1760 1373 1810 quod
1401 1757 1636 1798 commode

326 1814 458 1855 nobis
480 1815 642 1856 dedere
664 1829 764 1856 mss.
787 1815 837 1854 F.
862 1815 949 1856 Pa.
968 1815 1052 1856 Pe.
1069 1814 1150 1856 Pe.
1170 1814 1344 1854 literam
1361 1834 1374 1855 ν
1397 1813 1446 1853 in
1463 1812 1551 1853 fine
1569 1812 1636 1866 ig-

327 1877 560 1924 norantes,
584 1884 672 1922 qua
684 1870 731 1909 in
747 1872 911 1910 Ionum
927 1883 1131 1909 sermone
1149 1869 1212 1909 nil
1228 1877 1318 1910 erat
1332 1883 1465 1922 opus,
1486 1869 1636 1908 utiam

328 1925 503 1978 saepius
529 1925 799 1966 monuimus.
856 1926 884 1966 l.
913 1940 974 1968 10.
1005 1926 1221 1976 reuvmmdv)
1244 1930 1438 1965 τεκνοποιεῖν
1452 1924 1538 1965 PC.
1557 1922 1636 1975 qui

326 1980 508 2022 sortasse
532 1981 720 2025 τεκνοποιῆν
745 1982 971 2021 debuerat.
999 1980 1111 2020 Alia
1144 1982 1384 2020 verborum
1412 1980 1525 2021 serie
1549 1978 1639 2019 uti-

328 2038 465 2078 turF'.
479 2042 627 2082 γυναῖκκ
639 2037 689 2081 un*
706 2036 847 2081 dyscexa
861 2037 1068 2089 τεκνοποιδν,
1085 2037 1334 2077 commode.
1390 2036 1419 2075 l.
1440 2050 1456 2075 1
1468 2050 1502 2074 1.
1514 2043 1561 2076 et
1573 2047 1636 2076 12.

327 2094 414 2133 Pro
425 2092 590 2141 τυγχάνει
603 2092 842 2144 utrobique
854 2093 1019 2140 τυγχάνοι
1032 2105 1221 2144 posuere
1235 2087 1416 2148 Schaejsl
1435 2098 1477 2130 et
1488 2091 1636 2133 Borh.
1680 2131 1687 2136 ,

324 2155 500 2204 praeter
517 2161 736 2197 caussam,
750 2155 791 2187 et
808 2147 959 2187 invitis
975 2147 1131 2187 msstis.
1188 2148 1217 2186 l.
1240 2161 1301 2198 14.
1321 2150 1469 2194 γενέσθαι
1484 2149 1532 2197 οἱ)
1550 2149 1638 2191 γενέ-

327 2206 403 2244 σθαι
422 2202 462 2243 δέ
479 2206 506 2243 οἱ
523 2201 702 2249 Βεὶεῆ.,
724 2217 870 2254 neque
889 2204 1092 2243 absurde.
1108 2205 1264 2243 W‘Ess.
1288 2228 1343 2235 -
1364 2203 1525 2242 Scabra
1550 2201 1637 2242 uti-

323 2271 416 2310 que
432 2265 473 2297 et
485 2267 685 2310 suspecta
702 2257 843 2298 videri
858 2266 1029 2311 poterat
1044 2260 1220 2313 vulgata
1239 2258 1475 2312 scriptura,
1496 2271 1637 2309 quum

327 2313 586 2368 praesertim
609 2313 739 2353 etiam
755 2315 942 2354 verbum
964 2315 1140 2355 finitum
1161 2314 1456 2362 desideretur3
1473 2314 1551 2353 sed
1572 2313 1637 2353 nil

327 2368 500 2408 variant
512 2368 638 2421 libri,
656 2368 741 2408 nisi
755 2371 876 2420 quod
891 2374 1041 2415 γενέσθαί
1051 2374 1079 2410 οἱ
1092 2370 1274 2424 gemino
1287 2368 1638 2419 accentu‚sci·ibit

327 2425 384 2467 Ε
454 2425 483 2463 l.
507 2426 567 2463 16.
597 2427 813 2475 προεστεῶτος
841 2439 942 2465 cum
970 2427 1069 2464 edd.
1089 2434 1240 2464 tenent
1266 2425 1320 2464 F.
1346 2424 1434 2464 Pa.
1452 2425 1539 2465 Pe.
1558 2426 1635 2464 sed

328 2478 715 2531 προεστῶτσςΡό.Ρε.
730 2486 823 2519 tum
834 2478 1343 2527 Meyam‘ochc.Pb.Pd.
1400 2481 1430 2520 l·
1448 2494 1510 2532 17·
1532 2482 1641 2522 Ἀλκ-
