1732 2951
1371 219 1464 277 481

163 313 1469 344 m

248 487 769 538 ARGUMENTU
785 488 841 534 M
879 487 1096 535 LIBRI
1134 488 1258 535 PRI
1274 489 1330 535 M
1346 489 1386 535 Ι.

167 593 442 658 AUCTORIS
482 613 733 657 consilium
770 615 818 655 in
857 615 1099 656 scribendis
1136 617 1204 657 his
1249 617 1471 658 Historiis.

166 674 414 724 (Prooem.
435 674 534 711 coll.
560 685 658 724 cap.
681 671 747 722 ὁ.)
778 670 1117 711 Inimicitiarum
1142 672 1258 711 inter
1282 674 1472 714 Gfiaecos

167 737 210 768 et
232 729 358 767 Asiae
387 729 578 779 populos
608 726 751 778 prima
778 725 931 780 origo,
963 727 1106 766 mutui
1136 735 1284 778 raptus
1314 728 1472 768 mulie-

167 797 292 836 rum,
315 781 416 833 Itis,
439 783 681 833 Europae,
703 781 915 827 Medeae,
934 783 1154 822 Helenae.
1177 783 1320 836 (Cap.
1347 797 1392 822 1-
1406 784 1471 838 5.)

167 837 348 878 Primus
389 851 412 875 e
440 836 637 876 barbaris
674 836 870 876 Croesus
885 864 901 882 ,
939 837 1110 889 Lydiae
1146 853 1246 890 rex,
1282 840 1471 880 Graecos

167 893 314 933 Asiam
353 891 596 931 incolentes
638 890 896 931 tributarios
934 891 1050 932 fecit.
1089 891 1158 945 (6.
1178 892 1196 945 )
1237 895 1471 946 Lydorum

166 947 303 1001 primi
342 960 492 1000 reges,
531 947 586 986 ab
614 945 741 1002 Atye
775 946 985 986 oriundi:
1028 947 1131 987 dein
1158 947 1472 996 Heraclidae,

168 1015 360 1054 quorum
380 1001 550 1054 primus
570 1001 761 1058 Agron‚
789 1009 1036 1054 postremus
1059 1003 1343 1054 Candaules;
1372 1004 1475 1058 (7.)

166 1057 246 1109 qui
270 1057 424 1097 insano
451 1057 601 1096 uxoris
625 1070 775 1096 amore
797 1066 971 1110 captus,
997 1059 1207 1098 stolidum
1234 1060 1471 1100 consilium

164 1112 264 1152 init.
283 1111 368 1166 (8-
386 1110 478 1165 ιο.)
507 1111 704 1166 Reginae
719 1111 838 1152 iussu
867 1114 1017 1169 Gyges
1035 1115 1309 1153 Candaulem
1336 1116 1472 1155 inter-

165 1166 279 1213 ficit,
302 1174 344 1207 et
354 1167 597 1219 imperium
617 1167 672 1205 ad
691 1168 994 1207 Mermnadas
1020 1169 1220 1208 transfert
1237 1184 1245 1208 :
1275 1168 1316 1222 (1
1333 1186 1344 1208 ι
1359 1195 1376 1201 ·
1393 1174 1470 1220 13.)

166 1224 353 1262 donaria
378 1224 576 1274 Delphos
599 1221 756 1273 mittit,
784 1222 939 1263 Mileto
961 1231 1003 1262 et
1023 1226 1239 1277 Smyrnae
1261 1238 1379 1264 arma
1402 1226 1470 1264 in-

164 1279 276 1331 fert,
309 1279 618 1330 Colophonem
636 1276 762 1329 capit.
792 1279 914 1328 (14.)
942 1279 1128 1336 Ardye,
1159 1279 1300 1332 Gygis
1328 1280 1469 1320 filius:

164 1348 257 1385 quo
291 1340 501 1388 regnante
533 1329 780 1374 Cimmerii
815 1335 970 1373 Sardes
1001 1335 1193 1386 capiunt.
1223 1336 1344 1386 (15.)
1386 1337 1470 1376 Sa-

163 1390 348 1444 dyattes
369 1389 537 1428 bellum
557 1387 764 1426 undecim
785 1402 1002 1428 annorum
1024 1389 1202 1429 inchoat
1223 1405 1320 1429 cum
1346 1391 1471 1431 Mile-

162 1444 262 1497 siis,
290 1443 595 1483 continuatum
618 1444 674 1481 ab
697 1443 790 1483 eius
809 1442 903 1484 filio
922 1444 1144 1501 Alyatte,·
1175 1445 1253 1496 qui
1277 1445 1471 1486 Cimme-

161 1500 253 1540 rios
278 1512 330 1538 ex
350 1498 451 1538 Asia
477 1498 620 1548 elicit,
650 1504 693 1536 et
714 1512 813 1537 cum
839 1499 1156 1556 Thrasybulo,
1189 1500 1469 1541 Milesiorum

161 1562 354 1609 tyranno
367 1582 377 1599 ‚
399 1567 552 1606 pacem
575 1553 817 1605 componit.
834 1555 855 1604 (
874 1555 1052 1606 16-22.)
1069 1556 1340 1608 Thrasybuli
1359 1557 1470 1596 ami-

161 1624 239 1651 cus
267 1608 511 1647 Periander
539 1607 819 1653 Corinthius,
863 1611 987 1650 cuius
1019 1618 1158 1649 aetate
1187 1609 1370 1654 Arion,
1407 1612 1470 1651 di-

159 1663 389 1718 thyrambi
410 1670 580 1715 auctor,
615 1664 829 1716 delphino
854 1678 935 1716 per
963 1679 1082 1704 marc
1107 1673 1279 1710 vectus,
1313 1666 1468 1705 Corin-

160 1722 289 1761 thum
309 1721 454 1759 salvus
477 1719 626 1759 evasit.
645 1718 741 1769 (23.
759 1721 851 1770 242)
881 1719 1111 1767 Glaucus,
1133 1721 1342 1760 inventor
1365 1722 1467 1763 artis

162 1774 500 1816 ferruminandi.
534 1775 654 1824 (25.)

216 1832 455 1881 Cnomus,
486 1830 689 1882 Alyattae
707 1828 847 1882 filius,
865 1836 1101 1882 postquam
1116 1832 1304 1873 Graecos
1318 1833 1468 1873 Asiam

164 1886 408 1926 incolentes
444 1884 696 1924 tributarios
734 1883 860 1937 fecit,
897 1885 1124 1927 insulanos
1160 1890 1467 1942 adgressurus,

165 1940 327 1981 callido
368 1940 539 1979 monito
580 1942 822 1980 deterretur
855 1954 880 1979 a
913 1941 1065 1981 Biante
1099 1942 1192 1982 sive
1225 1957 1249 1982 a
1282 1944 1467 1985 Pittaco.

165 1996 259 2043 (26.
285 1998 376 2046 27.)
405 1998 564 2034 SOLON
586 1997 740 2035 Sardes
757 1997 899 2048 venit,
922 2004 964 2036 et
986 2011 1086 2037 cum
1108 1997 1285 2039 Croeso
1308 2000 1360 2038 dc
1384 1999 1469 2038 for-

163 2057 270 2091 tuna
289 2051 482 2090 humana
502 2051 745 2103 disputans,
768 2051 915 2103 primo
936 2053 1135 2099 Tellam,
1153 2054 1255 2093 dein
1273 2053 1467 2095 Cleobin

164 2113 206 2146 et
217 2102 436 2146 Bitonem
455 2107 691 2146 hominum
712 2105 985 2148 beatissimos
1004 2108 1243 2160 praedicat.
1267 2110 1375 2160 (29—
1388 2113 1470 2164 53.)

163 2156 331 2203 Croesi
357 2161 582 2200 somnium
610 2164 664 2201 de
697 2161 805 2201 filio.
831 2163 949 2213 (34.)
989 2162 1248 2215 Adrastus,
1278 2167 1468 2216 supplex

162 2222 364 2268 receptus
383 2229 406 2255 a
427 2218 611 2261 Croeso,
641 2219 766 2267 (35.)
799 2231 957 2269 aprum
989 2218 1035 2256 in
1066 2219 1265 2271 Olympo
1294 2221 1465 2271 Mysiae

161 2271 390 2321 feriturus,
419 2271 569 2311 Croesi
587 2271 728 2311 filium
750 2272 916 2313 invitus
936 2272 1112 2313 oceidit.
1132 2275 1342 2325 (36-45.)
1375 2278 1467 2314 Me-

162 2325 230 2366 dis
259 2340 284 2366 a
315 2325 444 2384 Cyro
475 2325 682 2377 devictis,
711 2327 913 2368 Croesus
939 2330 994 2367 de
1018 2331 1247 2368 Persarum
1268 2330 1466 2381 potentia

162 2380 397 2427 sollicitus,
417 2379 628 2422 Oracula
645 2385 947 2434 consulturus,
969 2383 1167 2435 primum
1189 2385 1464 2424 veracitatem

157 2435 343 2475 ”illomm
371 2444 527 2476 tentat:
550 2438 644 2487 (46.
663 2440 756 2487 47.)
784 2439 943 2490 probat
965 2439 1154 2477 maxime
1171 2438 1466 2491 Delphicum,

164 2498 258 2530 rum
288 2498 331 2531 et
358 2490 643 2544 Amphiarai
678 2495 934 2534 oraculum:
970 2493 1063 2542 (48.
1095 2496 1188 2544 49.)
1230 2494 1465 2549 magnifica

213 2546 393 2589 Herod.
423 2548 464 2587 T
461 2547 524 2588 .I.
552 2547 661 2591 PJ.
1151 2549 1194 2586 H
1223 2549 1253 2587 h
