1732 2951
670 240 1261 292 PRAEFATIO.

302 356 450 409 tione,
487 362 660 410 praeter
689 356 861 396 leviora
893 357 1113 407 quaedam
1135 362 1178 396 et
1204 354 1334 396 facile
1359 353 1626 410 corrigenda

303 431 466 476 errata,
505 431 580 464 aut
606 423 643 463 si
674 437 760 474 qua
791 429 893 462 sunt
927 423 1039 473 alia,
1080 424 1134 462 de
1165 421 1624 474 quorum’nonnullis

302 491 350 530 in
372 497 609 541 utramque
636 489 768 529 etiam
798 495 968 541 partem
1000 488 1226 542 disputare
1250 488 1453 542 licuerit,
1474 489 1529 542 ²)
1559 489 1625 529 ni·

299 558 365 599 hil
386 572 659 614 magnopere
691 557 998 597 desiderarunt
1029 556 1114 597 viri
1146 556 1289 609 docti,
1325 556 1411 597 nisi
1432 559 1554 608 quod
1576 557 1626 596 in

300 625 572 679 adoptandis
601 625 763 678 passim
798 624 1062 664 melioribus
1089 624 1382 675 lectionibus,
1412 637 1520 675 quas
1540 625 1627 664 Co-

300 694 420 733 dices
449 691 746 744 manuscripti
772 689 1044 743 offerebant,
1078 697 1171 730 tum
1203 690 1248 730 in
1274 689 1550 745 corrigendis
1571 703 1625 729 ex

298 759 527 814 probabili
546 758 804 799 coniectura
824 757 886 797 eis
906 757 1016 798 locis
1040 757 1117 810 qui
1139 757 1184 797 in
1202 757 1372 798 eunctis
1394 756 1626 798 codicibus

299 825 502 879 corrupti
523 833 646 872 sunt,
682 825 815 864 nimis
847 824 1030 864 timidus
1060 824 1193 865 fuerit
1223 825 1401 875 Edit0r3
1436 824 1496 863 ita
1522 823 1623 875 qui-

300 896 402 934 dem
434 901 482 933 ut
508 895 670 945 probas
701 893 862 931 multas
888 891 1124 943 lectiones,
1162 905 1270 943 quas
1293 891 1340 931 in
1365 898 1622 932 contextum

298 961 499 1014 recipere
520 959 766 1011 debuisset,
800 970 892 997 non
923 972 1055 999 ausus
1083 958 1218 998 fuerit
1250 961 1486 1011 adoptare,
1517 961 1623 999 sub-

298 1028 496 1078 indeque
526 1025 759 1065 manifesta
792 1024 927 1064 etiam
951 1025 1059 1065 vitia
1080 1032 1213 1077 atque
1235 1032 1431 1065 monstra
1453 1025 1623 1065 intaeta

298 1093 555 1144 relinquere
585 1091 811 1142 malueri‘t,
847 1105 981 1142 quam
1008 1105 1107 1132 suas
1141 1098 1217 1132 aut
1252 1091 1443 1131 aliorum
1477 1106 1626 1132 emen-

300 1159 528 1211 dationes,
560 1158 693 1198 etiam
727 1171 834 1209 quas
864 1159 994 1198 valde
1021 1158 1117 1211 ipse
1143 1159 1397 1211 probasset,
1439 1158 1486 1198 in
1520 1159 1624 1199 illo-

299 1241 401 1267 rum
431 1228 582 1265 locum
620 1226 943 1277 reponere-Q)
993 1227 1087 1264 Iam
1121 1225 1275 1279 negari
1311 1224 1494 1276 quidem
1531 1237 1625 1266 non

296 1301 469 1347 potest,
504 1293 665 1334 Virum
707 1292 1015 1332 doctissimum
1061 1291 1620 1345 perspicacissimumque,

301 1375 442 1412 quum
489 1357 636 1413 (quae
673 1366 763 1398 erat
804 1359 898 1399 eius
939 1359 1189 1399 moderatio
1233 1365 1275 1398 et
1320 1358 1625 1412 verecundia)

297 1430 441 1468 nollet
475 1426 685 1480 cupidior
716 1425 862 1465 videri
897 1432 1113 1479 novator,
1153 1426 1316 1466 multas
1351 1425 1516 1478 passim
1551 1440 1625 1466 su-

298 1494 532 1548 periorum
561 1492 813 1533 editionum
835 1492 1073 1544 lectiones,
1111 1506 1225 1544 quae
1252 1492 1413 1533 rectius
1439 1492 1625 1532 fuissent

302 1576 405 1602 cum
447 1561 545 1601 aliis
587 1566 885 1613 permutatae,
922 1573 1000 1599 sua
1039 1559 1088 1599 in
1126 1560 1230 1600 sede
1267 1559 1532 1611 reliquissc3
1574 1574 1624 1600 ac

299 1628 562 1683 praesertim
591 1629 834 1667 nonnullas
867 1626 1060 1667 subinde
1081 1641 1134 1666 ex
1165 1627 1256 1678 bis,
1288 1641 1400 1679 quas
1425 1626 1626 1680 inauspi-

303 1702 399 1735 cato
430 1694 690 1734 Gronovius
721 1708 774 1733 ex
803 1694 1010 1734 Mediceo
1044 1694 1197 1734 codiee
1225 1694 1479 1746 invexerat,
1512 1696 1626 1734 Gro-

300 1757 488 1798 noviani
508 1756 706 1798 nominis
732 1757 985 1797 reverentia
1001 1789 1012 1809 ,
1044 1772 1100 1797 ne
1122 1758 1171 1797 in
1196 1757 1329 1798 nimis
1351 1757 1504 1798 multis
1525 1772 1624 1811 per-

301 1825 491 1865 tinacius
511 1826 567 1865 ab
593 1824 672 1864 illo
694 1824 907 1864 dissidere
930 1826 1048 1864 velle
1071 1825 1320 1878 videretur,
1348 1824 1625 1878 possessione

302 1893 499 1933 noluisse
535 1893 777 1945 depellere.
824 1892 891 1932 At
929 1892 1051 1932 idem
1089 1899 1238 1933 tamen
1271 1891 1486 1934 lectiones
1524 1906 1622 1944 eas,

303 262 370 291 XX

356 2026 404 2075 ’ἢ
426 2029 614 2065 Pluscula
632 2027 843 2077 quaedam,
859 2028 940 2064 mi-

303 2084 469 2121 nutiora
501 2085 712 2132 pleraque,
743 2091 816 2120 aut
835 2096 940 2133 quae

304 2140 542 2189 typographi
559 2141 737 2176 maxime
755 2139 940 2176 incuriae

302 2195 524 2239 debentur,
554 2202 594 2231 et
613 2195 829 2244 caligantes
848 2195 941 2232 Edi-

305 2250 403 2287 toris
429 2256 557 2287 aetate
593 2250 768 2299 provecti
803 2251 940 2287 oculos

304 2305 381 2355 (de
394 2307 546 2355 quibus
564 2307 648 2354 ipsc
667 2306 709 2342 in
730 2303 812 2342 fine
829 2319 942 2354 prae-

305 2362 471 2398 fationis
485 2368 728 2410 conquestus
745 2369 801 2398 est
815 2363 824 2402 l
839 2363 942 2398 effu-

304 2423 472 2467 gerant,
512 2419 677 2454 collecta
719 2418 852 2454 videas
876 2418 939 2458 ,in

304 2476 421 2510 Reizii
457 2473 706 2521 praefatione
743 2474 791 2509 ad
823 2487 941 2510 suam

305 2529 496 2566 Herodoti
524 2529 746 2566 editionem
780 2542 866 2580 pag.
886 2543 944 2568 vi.

986 2033 1025 2065 et
1039 2040 1148 2077 seqq.
1171 2029 1303 2066 Multa
1325 2029 1448 2066 etiam
1468 2030 1624 2066 l‘Vesse-

987 2087 1122 2134 lingius
1158 2085 1243 2133 ipse
1279 2085 1323 2121 in
1364 2086 1556 2123 Addendis
1590 2084 1623 2122 εἰ

987 2141 1251 2186 Ειηεηάαηάὶε,
1278 2152 1382 2191 quae
1401 2141 1450 2178 ad
1471 2141 1621 2177 calcem

987 2197 1119 2244 operis
1132 2197 1284 2233 adiecta
1297 2203 1395 2234 sunt
1408 2224 1417 2241 ‚
1435 2196 1624 2233 correxit.

1042 2250 1088 2270 Μ’
1104 2249 1123 2302 )
1154 2253 1260 2290 Vide
1291 2252 1471 2289 eiusdem
1508 2253 1626 2289 Reizii

988 2308 1157 2345 Praesat.
1189 2322 1226 2357 p.
1253 2322 1337 2345 xlv.
1362 2313 1401 2344 et
1421 2308 1471 2345 ad
1500 2320 1624 2356 quem

989 2363 1064 2399 ille
1095 2369 1283 2412 provocat
1297 2391 1306 2408 ,
1344 2365 1623 2400 Valckenarium

990 2418 1033 2454 in
1063 2419 1177 2456 Notis
1206 2419 1256 2456 ad
1282 2419 1495 2467 Euripidis
1524 2419 1626 2467 Hip—

990 2475 1115 2523 polyt.
1141 2488 1194 2513 vs.
1218 2476 1309 2522 570.
1330 2481 1368 2512 et
1389 2475 1482 2526 95²·
