1732 2951
1456 269 1493 302 V„

207 368 959 398 0—00-00-0040-§0-004040-0-040
970 368 1147 392 4040ae
1157 368 1323 393 040ss
1331 368 1396 392 Ἴ0-0
1408 368 1469 392 θ’.

333 578 500 624 ῙΟΗ.
552 573 1326 625 SCHWEIGHAEUSER

235 706 648 760 MUSARUM
686 708 806 755 AM
827 707 983 755 1·CIS
1022 707 1426 755 SALUTEM.

173 903 286 987 L1
302 961 326 987 B
340 961 364 987 E
380 959 443 987 ΒΑ
459 961 483 986 R
497 960 521 986 Ε
557 959 685 999 posse
710 946 843 987 fidem
878 945 1059 998 publice
1093 947 1262 998 datam,
1295 947 1486 999 promis-

170 1027 360 1065 sumque
389 1015 620 1054 absolvere
642 1027 777 1066 opus,
805 1014 1044 1052 clementer
1076 1012 1205 1053 nobis
1233 1013 1486 1065 adspirante

170 1080 258 1121 Dei
277 1082 382 1133 Opt.
401 1082 517 1119 Max.
539 1079 745 1131 numine,
772 1093 853 1131 per
876 1078 1148 1132 multiplices
1171 1085 1484 1132 tempestatum

170 1147 369 1188 turbines
401 1146 604 1200 contigit.
647 1148 802 1186 Sextus
831 1144 905 1184 hic
936 1145 1082 1199 agitur
1113 1160 1278 1191 annus,
1312 1160 1366 1186 ex
1393 1160 1484 1198 quo

167 1213 452 1267 Bibliopolae
471 1227 663 1265 quorum
684 1213 886 1266 periculo
905 1212 951 1252 in
968 1215 1114 1253 lucem
1132 1215 1218 1253 hoc
1240 1227 1353 1266 opus
1372 1214 1481 1266 exit,

168 1282 329 1322 scheda
371 1279 419 1319 iu
464 1280 699 1333 publicum
737 1279 917 1333 emissa,
957 1280 1066 1321 meis
1108 1280 1254 1320 verbis
1293 1281 1482 1334 professi

167 1353 293 1400 sunt,
315 1361 406 1387 non
428 1360 519 1387 esse
540 1362 611 1386 me
636 1347 835 1387 alienum
857 1361 880 1387 a
903 1348 1090 1388 consilio
1105 1380 1115 1399 ,
1140 1348 1178 1388 si
1200 1347 1376 1388 favisset
1397 1355 1482 1389 stu-

167 1414 395 1454 diosorum
423 1413 661 1454 hominum
695 1415 899 1455 voluntas
917 1444 927 1462 ‚
962 1422 1004 1454 et
1031 1414 1121 1454 vita
1148 1415 1354 1467 viresque
1374 1430 1480 1470 sup-

164 1480 414 1534 petiissent‚
465 1478 888 1537 Wesselingianam
926 1478 1171 1522 Herodoti
1205 1479 1479 1523 Editionem

165 1561 215 1587 ca
243 1548 342 1602 lege
375 1544 707 1593 instaurandi,
737 1554 806 1599 ut,
841 1547 878 1587 si
908 1547 1018 1599 quid
1040 1549 1112 1587 vel
1133 1547 1180 1587 in
1207 1562 1369 1602 graeco
1403 1563 1477 1589 ex-

165 1603 337 1666 emplo,
364 1614 434 1652 vel
469 1613 516 1652 in
536 1613 704 1653 adiecta
724 1613 862 1653 latina
882 1613 1109 1667 versione,
1139 1616 1210 1654 vel
1237 1614 1284 1654 in
1308 1616 1477 1656 Wesse-

161 1679 292 1734 lingii
318 1678 695 1731 Valckenariique
727 1679 1104 1720 Adnotationibus
1128 1680 1474 1736 desideraretur,

164 1748 284 1798 quod
303 1752 378 1786 aut
400 1742 684 1786 commodi11§
706 1747 817 1799 poni
842 1761 971 1800 posse
993 1753 1070 1787 aut
1090 1747 1292 1800 suppleri
1313 1749 1476 1789 debere

159 1814 406 1866 videretur,
430 1813 477 1853 id
493 1813 552 1853 ita
569 1813 862 1869 corrigeretur
877 1815 1270 1868 supplereturque,
1292 1822 1341 1855 ut
1357 1815 1473 1857 nihil

161 1886 307 1920 tamen
328 1894 482 1920 eorum
497 1910 509 1932 ,
535 1894 648 1932 quae
665 1895 689 1920 a
709 1881 895 1922 summis
922 1881 1012 1922 illis
1035 1880 1298 1922 Duumviris
1322 1881 1369 1921 in
1391 1882 1474 1921 Hi-

159 1946 316 1988 storiae
332 1954 566 2000 parentem
587 1949 747 1990 collata
768 1954 893 2001 sunt,
920 1949 1170 2002 neglectum
1192 1948 1473 1989 abiectumve

158 2013 309 2054 lateret
327 2015 546 2053 Lectores.

211 2144 274 2182 ΙΝ
305 2142 510 2183 manibus
536 2143 623 2183 iam
645 2150 750 2184 tunc
774 2144 883 2185 meis
909 2151 1032 2185 erant
1053 2161 1076 2185 e
1100 2143 1302 2199 quinque
1325 2145 1470 2188 Codi-

157 2206 287 2249 cibus
314 2207 483 2250 Msscis
515 2209 902 2259 Parisiensibus,
932 2226 1033 2252 eum
1063 2213 1271 2264 exemplo
1300 2213 1471 2253 Wesse-

153 2274 351 2329 lingiano
373 2278 429 2316 ab
452 2277 627 2317 erudito
648 2278 812 2319 iuvene
836 2278 1165 2337 Georgiade
1188 2279 1470 2320 Thessaloni-

155 2342 292 2394 censi,
332 2343 456 2384 cuius
491 2351 533 2383 et
567 2344 701 2384 fidem
733 2352 775 2385 et
803 2346 1065 2387 industriam
1095 2345 1207 2386 mihi
1239 2349 1470 2386 Bo1sso-

155 2421 264 2449 NAD
283 2422 340 2448 Us
370 2409 448 2450 Vir
483 2411 750 2452 clarissimus
782 2415 1194 2465 commendaverat,
1230 2411 1469 2468 diligenter

156 2475 347 2523 collatis,
380 2484 584 2529 excerpta
619 2476 863 2520 Lectionis
898 2480 951 2521 V
947 2477 1139 2519 arietas.
1184 2480 1471 2519 Accesserant

202 2539 360 2599 praef
389 2543 437 2582 T,
453 2542 493 2584 J.
515 2544 627 2586 P.J.
1120 2558 1145 2584 a
1176 2549 1200 2586 3
