1732 2951
413 302 415 305 .
458 262 1052 313 PRAEFATIO.

142 379 180 419 A
217 374 384 419 Reizio
427 377 561 418 etiam
599 376 647 416 in
686 374 1044 416 Chrestomafhia
1088 375 1254 414 Graeca
1277 406 1288 426 ‚
1329 376 1404 415 Li-

87 445 209 498 psiae
235 458 352 496 1779.
385 443 530 496 edita,
557 457 690 494 quem
715 441 899 494 quidem
924 441 1129 481 libellum
1155 454 1403 491 numquam

88 511 232 551 oculis
263 510 502 562 usurpavi,
538 511 723 563 Eclogas
746 508 895 548 nescio
929 521 1036 560 quas
1070 521 1123 547 ex
1149 507 1402 547 Herodoto

90 577 274 618 insertas
303 576 438 617 fuisse
468 581 762 616 memoratum
790 573 892 628 legi.

1245 277 1399 310 XXVII

147 672 378 714 Frid.A
391 687 419 712 η
433 673 511 712 dr.
529 672 564 712 S
578 686 645 711 ΤΒ
661 685 688 712 0
704 685 731 710 T
744 685 781 710 H
794 699 808 715 ,
826 669 1062 722 Gymnasii
1079 668 1274 709 Gothani
1292 668 1403 708 olim

89 740 274 780 rectoris
289 771 300 792 ‚
336 738 632 795 Aegyptiaca
649 765 666 784 ,
713 738 888 776 Gothae
931 750 1052 775 anno
1094 749 1404 774 MDCCLXXXII.

91 806 234 859 edita,
272 802 511 846 Herodoti
536 804 703 843 librum
732 805 978 844 secundum
996 835 1007 856 ,
1045 817 1144 843 cum
1170 810 1292 855 parte
1318 809 1404 841 ter-

90 873 166 926 tii,
202 880 244 912 et
276 887 328 911 ex
360 870 543 922 reliquis
581 869 708 910 libris
741 869 987 924 fragmenta
1025 871 1242 922 quaedam
1282 868 1406 908 exhi-

92 941 221 991 bent,
244 953 295 978 ex
313 936 593 990 Wesselingii
608 936 791 988 quidem
813 936 1004 976 maxime
1024 935 1305 988 recensione,
1327 936 1405 975 sed

90 1005 152 1045 ita
175 1012 223 1045 ut
253 1003 463 1060 religioni
483 1003 569 1043 sibi
590 1018 681 1043 non
709 1003 883 1044 duxerit
915 1004 1071 1044 Editor
1094 1003 1326 1045 nonnullis
1356 1003 1403 1042 in

88 1072 199 1113 locis
222 1073 277 1111 ab
306 1085 356 1111 ea
389 1070 627 1111 discedere.

143 1166 424 1210 Danielis
468 1172 579 1210 Wr
596 1183 623 1209 T
642 1184 668 1209 T
685 1183 844 1211 ENBA
862 1184 1039 1217 Cissi⁹
1079 1170 1177 1212 Viri
1215 1169 1407 1211 clarissi-

90 1235 175 1288 mi,
197 1237 374 1276 Selecta
385 1232 666 1289 principum
686 1234 1053 1277 Historicorzmz
1068 1266 1084 1283 ,
1118 1237 1407 1276 Amsteloda-

93 1302 158 1341 mi
193 1315 313 1340 anno
357 1315 618 1341 MDccxcw.
651 1301 697 1340 in
731 1303 877 1341 lucem
910 1302 1088 1354 emissa,
1129 1310 1229 1354 post
1257 1302 1406 1355 ipsum

91 1365 357 1409 Inimicum
384 1382 474 1419 quo
502 1366 757 1410 Historias
782 1383 881 1409 suas
908 1370 1189 1409 Herodotus
1225 1383 1405 1409 exorsus

92 1443 181 1486 est,
217 1433 419 1474 exhibuit
451 1449 503 1475 ex
532 1434 650 1475 libro
676 1435 848 1488 primo,
880 1438 1140 1476 commodos
1169 1437 1225 1475 ad
1253 1435 1407 1475 titulos

86 1500 247 1550 relata,
276 1504 501 1551 segmenta
524 1499 709 1538 haecce:
738 1513 832 1551 cap.
859 1502 972 1539 8-12.
1011 1503 1060 1541 23
1091 1506 1133 1539 et
1158 1512 1222 1549 24.
1262 1502 1404 1550 29-33-

95 1575 146 1614 74
169 1571 209 1602 et
230 1566 296 1614 75.
328 1567 523 1615 107-130.
557 1567 749 1615 178-182.
780 1568 975 1617 196-199.
999 1572 1090 1604 tum
1114 1580 1166 1605 ex
1187 1565 1322 1605 Libro
1347 1566 1405 1604 II.

94 1643 192 1682 cap.
223 1631 287 1671 35.
322 1635 365 1669 et
391 1633 459 1671 36.
485 1644 559 1681 77.
589 1638 630 1670 et
659 1637 726 1682 73.
758 1644 823 1682 92.
857 1633 1018 1682 84-91.
1060 1636 1149 1674 123.
1188 1634 1277 1682 148.
1316 1645 1406 1683 149·

95 1708 185 1746 124.
211 1702 253 1735 et
277 1702 367 1738 125.
384 1708 474 1736 121.
490 1697 684 1748 denique
700 1712 752 1737 ex
771 1696 866 1736 Lib.
884 1699 968 1737 III.
983 1711 1080 1751 cap,
1102 1702 1243 1740 20-23-
1265 1700 1404 1739 80-82.

149 1802 213 1840 ΙΝ
249 1799 576 1842 Friderici
605 1802 830 1844 [Acosss
864 1801 1071 1851 Atticis,
1113 1817 1305 1856 quorum
1343 1807 1406 1845 al-

90 1871 184 1907 tera
214 1867 353 1908 editio
387 1870 520 1909 Ienae
551 1884 670 1910 anno
706 1869 840 1910 huius
875 1870 1015 1910 seculi
1049 1884 1171 1910 nono
1207 1870 1404 1924 prodiit„

94 2024 115 2049 e
133 2008 340 2052 Va‘rietate
358 2016 542 2054 lectionis
561 2031 582 2054 a
604 2020 727 2057 &Vesav
769 2017 899 2064 sione,
920 2018 1038 2055 cuius
1053 2024 1195 2056 auctor
1208 2019 1405 2056 Ioh.E11st.

92 2068 262 2118 selingio
284 2072 471 2115 collecta,
496 2073 645 2121 partim
675 2085 722 2109 ex

91 2123 269 2161 eiusdem
287 2128 550 2177 VVesselingii
569 2134 608 2165 et
623 2130 722 2166 Val-

91 2178 273 2215 ckenarii
307 2180 464 2228 (rarius
493 2195 540 2219 ex
570 2186 722 2222 Grono-

90 2232 179 2284 vii)
200 2235 545 2275 Adnotationibus
560 2266 569 2283 ‚
590 2251 721 2276 excer-

89 2294 182 2337 ptus
201 2297 270 2327 est.
302 2292 385 2329 Vix
409 2293 635 2342 quidquam
658 2295 720 2331 his

88 2345 289 2382 adiectum
307 2347 459 2394 videas,
481 2349 560 2385 nisi
579 2350 720 2386 subin-

89 2400 137 2435 de
176 2403 360 2438 notulam
405 2405 623 2452 quamdam
671 2417 719 2443 ex

92 2456 274 2493 Larcheri
313 2460 614 2497 commentariis
645 2467 719 2498 aut

88 2520 137 2546 ex
160 2513 383 2561 germanica
410 2515 599 2553 Herodoti
629 2528 717 2554 vcr-

772 2075 1012 2124 GoZdhugw,
1025 2074 1045 2110 d
1056 2080 1209 2119 uctam,
1227 2074 1404 2123 denique

768 2130 1110 2178 scrupulosiorem
1151 2130 1330 2167 Aldinae
1366 2135 1405 2166 et

767 2184 944 2222 duarum
995 2186 1223 2223 Camerarii
1262 2185 1408 2222 editio-

767 2252 868 2276 num
899 2240 1030 2290 (quae
1046 2241 1215 2290 quidem
1247 2242 1298 2276 ab
1328 2240 1403 2276 illa

767 2308 848 2331 non
860 2294 1091 2346 differunt)
1116 2296 1379 2333 collationem
1393 2322 1403 2339 ,

765 2351 946 2400 singulos
965 2353 1098 2400 apices
1118 2359 1157 2389 et
1176 2351 1406 2388 minutissi-

765 2419 849 2442 mas
883 2420 1065 2457 quasque
1107 2407 1307 2444 orationis
1344 2405 1405 2441 di-

763 2462 998 2500 stinctiones
1023 2468 1257 2502 sectantem.
