1732 2951
136 298 1409 345 mmmmmm

230 448 732 504 VARIETAS
786 445 1307 502 LECTIONIS

152 573 241 619 IN
294 569 738 618 HERODOTI
809 570 1059 617 LIBRO
1113 570 1438 632 PRIMO.-

120 779 495 864 INSCRIPTIO·
527 820 703 872 ‘H9030'rw
723 822 884 873 Ἰσ-τοριῶν
908 822 1032 872 mairu-
1055 820 1211 876 Κλειώ.)
1242 823 1295 861 ‘In
1314 821 1430 875 opii-

120 891 197 918 mo
229 880 326 917 cod.
355 892 434 918 ms.
465 878 636 923 Arch.‚
675 879 813 917 Galeo
843 884 970 929 teste,
1006 877 1173 931 singuli
1198 878 1433 930 Scriptoris

121 933 261 973 nostri
283 933 408 986 libri,
440 933 602 973 omisso
626 934 878 972 Effusas-um
904 933 1108 985 nomine,
1142 934 1262 973 nude
1283 933 1345 973 sic
1364 934 1434 972 in-

120 989 399 1037 scribuntur,
431 988 609 1034 Ἡροδότου
631 990 793 1038 Ἱστοριῶν
824 988 960 1037 πρώτη,
989 987 1137 1038 δευτέρα,
1166 997 1245 1028 etc.
1284 990 1433 1040 Atque

121 1044 208 1083 hoc
232 1043 337 1083 satis
367 1049 481 1082 erat:
510 1057 593 1082 nec
621 1042 740 1082 enim
767 1042 894 1081 aliter
926 1043 1059 1081 citant
1085 1052 1252 1083 veteres
1277 1045 1434 1084 Gramss

120 1097 295 1150 matici,
331 1097 525 1151 quoties,
555 1099 838 1137 Herodotum
871 1105 1023 1137 testem
1055 1100 1342 1150 advocantes,
1380 1100 1434 1139 li·-

75 1157 78 1160 ’
119 1155 249 1193 hrum
276 1153 474 1193 indicare
500 1155 660 1192 volunt
692 1166 781 1204 quo
809 1152 974 1206 legitur
1001 1155 1212 1205 quodque
1238 1154 1433 1194 testimo-

120 1208 267 1259 nium3
301 1223 538 1248 numerum
566 1208 672 1247 libri
701 1210 957 1260 adponunt,
986 1210 1145 1248 ·Musae
1177 1223 1343 1249 nomen
1371 1217 1435 1250 ta·-

120 1271 230 1303 cent.
282 1264 352 1304 Sic
379 1278 482 1304 sane
513 1265 696 1315 Pollux,
726 1265 802 1303 IX.
833 1265 896 1303 56.
923 1265 976 1303 Χ.
1007 1276 1071 1302 22.
1100 1269 1163 1306 23.
1199 1272 1241 1303 et
1274 1267 1336 1307 56.
1369 1266 1432 1305 sie

118 1321 393 1371 Athenaeus,
422 1321 504 1358 III.
531 1322 591 1358 15.
622 1321 698 1359 IV.
727 1331 790 1369 27.
823 1320 901 1357 XI.
928 1333 1017 1369 107.
1047 1321 1140 1359 XV.
1164 1322 1230 1359 61.
1258 1327 1337 1359 etc.
1369 1321 1432 1360 sic

117 1374 354 1413 Philemon
375 1376 495 1426 apud
517 1374 845 1427 Porphyrium,
869 1376 1044 1428 Quaest.
1067 1377 1248 1414 Homer.
1273 1389 1367 1427 cap.
1393 1378 1431 1416 8.

119 1428 182 1468 sic
198 1429 422 1483 Diogenes
447 1431 589 1468 La'ert.
609 1431 642 1468 I.
667 1431 731 1480 95.
752 1430 1014 1469 Scholiastes
1034 1429 1265 1482 Apollonii
1284 1433 1432 1470 Rhod.

121 1485 179 1522 ad
203 1485 238 1523 I.
271 1496 386 1534 1024.
433 1484 756 1536 Harpocration
786 1484 832 1522 in
862 1487 979 1529 Αἶγὶς,
1009 1484 1056 1523 in
1086 1491 1318 1535 Λυκιουργεῖς,
1350 1495 1431 1527 etc.

120 1540 367 1591 Stephanus
395 1542 496 1592 Byz.
522 1540 569 1578 in
606 1541 745 1590 Δώριον,
780 1547 821 1578 et
852 1539 899 1577 in
925 1540 1069 1588 ’'Amrr„
1100 1541 1354 1592 Hesychius
1383 1542 1431 1583 in

121 1594 256 1644 Tm'fx,
280 1594 435 1634 Suidas
461 1595 509 1633 in
539 1596 714 1639 Αἷμκσιοὶ,
744 1594 791 1633 in
820 1595 1065 1645 Ναυκρκρικρὶ,
1094 1602 1172 1634 etc.
1197 1594 1432 1648 EiymOsO-

118 1662 200 1702 gus
221 1648 268 1687 in
289 1653 420 1695 Γαῦλος
440 1658 482 1689 et
499 1649 623 1701 alibi,
652 1649 893 1704 Gregorius
911 1652 965 1688 de
986 1649 1169 1689 Dialect.
1188 1650 1279 1689 ion.
1303 1651 1339 1704 ς.
1365 1656 1430 1704 59.

117 1703 403 1757 Phrynichus
422 1705 470 1744 in
489 1705 636 1748 Ξυστέν,
660 1707 851 1744 Thomas
872 1707 988 1758 Mag.
1009 1704 1055 1742 in
1076 1707 1240 1750 Ἀθυμίπ,
1267 1706 1313 1744 in
1332 1709 1431 1747 Ἀλο-

117 1762 180 1803 γίσι
193 1787 204 1803 ,
232 1766 310 1798 etc.
331 1760 537 1811 Denique
553 1774 606 1798 ex
626 1760 793 1799 cunctis
807 1760 977 1813 graecis
993 1760 1299 1800 Grammaticis
1315 1775 1432 1802 non-

116 1813 203 1852 nisi
223 1816 313 1854 duo
335 1815 446 1854 mihi
468 1816 724 1867 innotuere,
755 1815 831 1866 qui
852 1814 899 1853 in
925 1815 1100 1854 citando
1127 1817 1346 1856 Herodoti
1370 1824 1431 1856 te·-

116 1868 326 1909 stimonio
346 1872 497 1910 Musae
522 1884 687 1909 nomen
711 1870 952 1919 ediderint3
976 1872 1110 1909 semel
1131 1870 1250 1909 idem
1265 1902 1275 1921 ,
1296 1886 1430 1923 quem

118 1926 254 1964 modo
274 1925 527 1977 nominavi,
554 1927 750 1965 Thomas
771 1925 1004 1978 Magister,
1031 1927 1180 1965 seculo
1202 1927 1306 1966 XIV
1330 1935 1431 1979 post

120 1980 167 2017 C.
184 1981 235 2018 N.
264 1982 423 2032 clarus,
449 1983 570 2033 apud
592 1994 724 2030 quem
746 1980 791 2019 in
819 1994 915 2019 voc.
938 1982 1042 2021 Ἔκών
1067 1981 1230 2036 legitur
1257 1982 1429 2032 Ἡρόδοτος

119 2037 148 2073 ἐν
169 2039 364 2085 Πολυμνίᾳ,
395 2036 442 2075 id
464 2044 546 2087 est,
571 2034 693 2075 libro
725 2035 856 2083 VII,·
886 2043 980 2075 tum
1002 2049 1128 2075 reccn
1138 2035 1327 2076 tissimus
1351 2051 1428 2077 au-

119 2094 212 2128 ctor
236 2090 404 2130 scholii
434 2093 488 2130 ad
508 2091 730 2143 Aristoph.
759 2093 873 2130 Plut.
902 2106 963 2131 vs.
990 2093 1084 2140 488.
1116 2093 1302 2131 laudans
1330 2094 1428 2132 He-

117 2145 339 2184 rodotum
361 2148 388 2185 ἐν
411 2151 564 2197 Θαλείᾳ,
593 2146 641 2185 id
665 2153 748 2198 est,
784 2144 906 2186 libro
929 2147 1026 2186 III.
1066 2148 1128 2186 Ex
1149 2161 1239 2198 quo
1262 2147 1429 2187 intelli-

115 2198 256 2253 gitur,
288 2214 381 2240 non
409 2210 497 2240 tam
527 2201 749 2252 frequenti
775 2216 882 2253 usu,
915 2210 963 2241 ut
988 2203 1124 2255 vulgo
1151 2202 1426 2256 existimant,

117 2261 343 2307 receptum
369 2256 478 2295 olim
497 2255 653 2307 fuisse,
682 2265 730 2296 ut
750 2256 916 2310 singuli
943 2255 1118 2297 Nostri
1142 2257 1249 2297 libri
1276 2258 1428 2312 singu—

80 2334 86 2342 ·
120 2309 262 2349 larum
292 2312 545 2352 Musarum
576 2312 759 2351 nomine
789 2311 1120 2365 insignirentur.
1164 2315 1254 2351 Nec
1281 2314 1425 2366 enim,

122 2378 257 2415 quum
279 2369 307 2405 ἐν
330 2369 377 2417 τῇ
397 2367 533 2417 πρώτῃ,
563 2369 591 2405 ἐν
616 2370 663 2417 Ti?
690 2367 818 2417 δευτέρᾳ
841 2376 919 2406 etc.
943 2367 1097 2406 dicunt
1119 2368 1424 2417 Grammatici,

122 2432 222 2458 cum
256 2421 579 2473 Oudendorpio
610 2423 668 2460 ad
704 2424 922 2461 Thomam
954 2425 1069 2477 Mag.
1109 2421 1236 2475 (voc.
1268 2421 1426 2475 rs'yom)

120 2487 283 2514 nomen
313 2477 440 2526 Μούσᾳ
461 2478 764 2528 supplendum
789 2484 873 2529 est,
901 2479 979 2517 sed
1002 2482 1114 2527 βίβλῳ
1137 2477 1424 2532 intelligitur;

170 2530 346 2571 Herod.
370 2532 469 2571 T.I.
485 2532 541 2571 P.
558 2531 627 2572 II.
1134 2533 1171 2570 Λ
1202 2544 1222 2571 2
