1732 2951
369 188 460 235 IN
495 184 953 235 HERODOTI
987 185 1133 234 LIB.
1171 187 1211 236 Ῑ.
1412 202 1446 253 9

137 319 210 347 sus
227 303 305 358 sit,
324 304 516 345 nimium
539 318 585 345 se
604 303 738 345 fuisse
759 303 804 342 in
827 301 1142 343 substituendis
1160 301 1330 354 ubique
1347 317 1446 343 ver-

137 363 298 402 borum
318 361 493 413 formis,
518 374 630 412 quae
650 359 838 399 Ionibus
856 358 1064 411 propriae
1081 367 1202 410 sunt,
1229 357 1274 397 in
1295 360 1445 399 locum

136 416 382 456 formarum
404 415 708 456 communium
722 445 733 466 ‚
769 413 931 466 quibus
953 413 1139 466 perinde
1160 428 1210 454 ac
1235 413 1324 454 illis
1346 427 1446 466 pro-

137 472 394 523 miscueque
425 471 489 511 uti
510 471 694 510 licuerat
712 469 877 521 jonicis
903 469 1204 522 scriptoribus.
1270 469 1389 509 Ead.
1416 469 1445 508 l.

140 540 206 568 ΩΟ.
241 526 328 578 νέοι)
352 531 430 566 ναῦν
456 527 545 567 Pd.
570 527 651 567 Pe.

197 583 342 626 CAP.
357 583 423 622 II.
449 583 477 621 l.
497 596 534 622 2.
554 585 685 625 λέγουσι
709 579 868 632 Πέρσαι)
890 581 1024 620 Abest
1040 582 1165 630 Πέρσαι
1184 579 1263 619 Pe.
1323 577 1446 620 [bid.

140 639 203 678 οὔκ
230 640 270 683 ὥς
285 638 330 680 “E
345 650 400 678 λλ
411 658 429 680 n
442 657 455 676 ν
468 656 480 677 ε
493 637 538 690 ς)
573 640 714 680 Φοίνικες
728 663 738 679 ,
765 648 849 687 pro
869 635 1028 681 ’Έλληνες
1041 666 1051 683 .‚
1083 634 1236 675 Aldus
1251 663 1260 678 ‚
1290 648 1444 690 margo

139 693 295 746 Sceph.
322 700 363 732 et
401 693 605 732 Venetus
628 690 763 742 liber,
793 689 840 729 in
862 689 1075 729 Biblioth.
1100 691 1157 728 D.
1175 689 1314 730 Marci
1339 694 1389 731 T.
1410 693 1445 730 Ι.

138 762 183 801 p.
208 751 297 800 169.
312 751 534 789 Wssss.-
549 749 691 791 Φοίνικες
712 759 735 784 e
755 745 915 792 nostris
935 746 1067 785 habet
1087 759 1203 784 unus
1220 746 1301 785 Pe.
1323 748 1444 798 quod

139 818 166 843 a
182 803 471 857 'Wesselingio
488 802 534 841 in
556 800 680 840 Notis
695 802 1054 840 commendatum
1071 799 1118 839 in
1139 808 1343 841 contextu
1363 815 1444 854 po-

139 873 267 899 suere
286 856 423 903 Reiz‚
448 853 627 907 Schaefi
649 863 690 895 et
712 856 859 896 Borlz.
916 857 945 894 l.
971 860 1007 898 3.
1028 859 1124 896 τοῦτο
1152 855 1251 906 ἐίρξοιι
1282 856 1445 910 πρῶτον)

139 917 267 965 πρῶτον
285 917 386 954 τοῦτο
405 912 504 963 (ἔρξαι
523 911 670 953 Arch.
692 909 853 952 Paris.
873 912 928 951 B.
946 914 1100 952 WEss.
1125 934 1171 941 —
1203 910 1276 951 Sic
1296 919 1445 952 noster

138 970 228 1011 Pa.
252 975 294 1008 et
317 969 368 1008 F.
394 969 644 1007 commode.
703 968 732 1006 l.
757 970 792 1006 5.
821 965 1084 1019 προσσχόντας)
1108 967 1254 1021 Vulgo
1281 968 1444 1018 προσ-χέν-

137 1042 222 1069 mg,
247 1023 366 1063 etsie
385 1023 477 1063 fere
501 1029 749 1063 constanter
771 1021 894 1062 alibi.
933 1024 1018 1062 Sed
1038 1022 1205 1074 placuit
1223 1022 1445 1077 geminata

137 1078 322 1131 elstera,
344 1092 478 1130 quam
504 1080 667 1118 dabant
691 1080 758 1117 ed.
783 1075 962 1134 Schaef.
987 1085 1029 1117 et
1049 1078 1195 1118 Borh.
1222 1085 1268 1117 ut
1292 1086 1444 1130 postu-

135 1134 255 1174 labat
274 1133 490 1173 derivatio
515 1148 539 1174 a
559 1135 698 1174 verbo
722 1136 895 1185 προσέχωε
917 1140 960 1172 et
978 1134 1041 1173 sic
1070 1140 1185 1172 certe
1207 1135 1289 1172 ΙΙΙ.
1310 1135 1376 1183 48.
1395 1133 1443 1172 in

137 1190 235 1228 cod.
251 1191 307 1229 F.
325 1196 491 1229 exserte
513 1190 750 1241 προσ-σχόντων
777 1187 995 1228 scribitur.
1030 1189 1100 1229 Sic
1125 1189 1349 1239 προσσχόντες
1368 1202 1445 1227 ve-

136 1251 277 1285 tustus
307 1246 404 1285 cod.
436 1247 533 1287 Vat.
566 1245 687 1297 apud
717 1245 882 1297 Polyb.
913 1245 948 1284 Ι.
971 1257 1043 1298 29,
1067 1257 1104 1284 2.
1150 1243 1356 1294 Denique
1378 1244 1443 1283 di-

136 1308 249 1340 serte
272 1302 565 1355 Etymologus
589 1315 633 1353 p.
652 1314 744 1351 700.
764 1299 934 1352 docuit,
956 1300 1133 1351 προσσχών
1153 1298 1273 1338 idem
1293 1301 1444 1339 valens

136 1368 188 1394 ac
207 1360 447 1409 προσορμίσας,
470 1355 692 1410 geminata
709 1374 730 1395 a·
743 1355 868 1395 litera
886 1354 1033 1395 scribi.
1063 1356 1202 1395 Paulo
1218 1361 1340 1405 ante⁷
1359 1367 1443 1407 pro

137 1412 167 1455 ἐς
190 1411 312 1457 Τύρον,
348 1417 409 1450 est
436 1413 477 1456 εἰς
504 1419 584 1461 Τυρ.
617 1411 665 1450 in
694 1411 778 1451 Pe.
806 1417 957 1451 contra
988 1417 1260 1451 constantem
1295 1409 1444 1450 Nostri

136 1477 323 1504 morem.
380 1466 408 1505 l.
429 1468 466 1505 6.
495 1464 691 1519 βασιλῆος.)
726 1467 871 1507 Tenui
893 1466 1092 1517 jonicam
1126 1465 1321 1505 nominis
1352 1465 1444 1505 for-

136 1533 277 1573 mam,
301 1534 433 1573 quam
459 1535 560 1560 cum
576 1521 703 1562 Aldo
725 1523 1031 1574 praeferebant
1050 1523 1148 1561 edd.
1168 1535 1344 1571 omnes;
1366 1535 1444 1560 ne-

137 1589 225 1626 que
248 1575 372 1615 aliud
396 1590 419 1615 e
440 1576 720 1631 Wesselingii
736 1578 877 1618 msstis
899 1584 1140 1617 enotatum.
1170 1576 1326 1616 Nostri
1345 1575 1444 1628 qui-

136 1632 240 1670 dem
270 1644 448 1683 omnes,
478 1633 566 1672 Pa.
590 1632 676 1672 Pb.
704 1634 788 1673 Pc.
816 1634 905 1675 Pd.
935 1634 1018 1674 Pe.
1047 1639 1089 1673 et
1116 1633 1172 1673 F.
1201 1631 1249 1671 in
1278 1635 1443 1677 βκσιλέως

133 1687 179 1726 h.
204 1687 233 1725 1.
258 1687 550 1727 consentiunt.
606 1685 728 1728 Ibid.
755 1689 814 1732 τήν
838 1687 1048 1742 θυγατέρα)
1072 1687 1320 1728 Articulum
1348 1700 1442 1727 non

131 1743 325 1795 probant
344 1742 491 1783 Arch.
519 1739 663 1783 Vind.
679 1742 840 1785 Paris.
860 1744 912 1786 C.
944 1746 1097 1784 Wssss.
1117 1767 1172 1774 —-
1206 1745 1269 1782 Ex
1290 1748 1440 1782 nostro

135 1797 246 1843 Pb„
275 1796 354 1849 qui
381 1797 491 1838 alias
517 1805 580 1838 est
605 1798 886 1854 Wesselingii
911 1797 1071 1840 Paris.
1095 1798 1168 1844 C.9
1200 1797 1314 1837 nihil
1340 1799 1384 1837 h.
1409 1799 1441 1838 l.

135 1859 386 1893 enotatum:
405 1854 481 1893 sed
498 1853 672 1908 ignorat
692 1861 806 1895 certe
821 1854 1057 1895 articulum
1069 1862 1216 1894 noster
1235 1855 1316 1894 Pe.
1338 1867 1442 1893 cum

136 1906 283 1960 Aldo‚
324 1922 375 1948 ac
406 1915 580 1961 poterat
612 1924 715 1950 sane
747 1912 896 1951 abesse
929 1910 1042 1951 sicut
1076 1924 1168 1963 cap.
1201 1924 1235 1949 ι.
1267 1909 1347 1948 lin.
1376 1921 1439 1959 14.

136 1963 393 2016 Agnoscunt
430 1971 575 2004 tamen
615 1980 716 2005 eum
755 1966 834 2006 alii
872 1966 1049 2019 probati
1086 1965 1192 2006 libri
1230 1980 1330 2005 cum
1370 1965 1438 2004 H.

136 2018 291 2070 Sceph.
318 2018 395 2070 qui
416 2019 585 2073 primus
607 2035 708 2061 eum
732 2021 915 2075 adiecit,
935 2035 959 2061 a
979 2035 1068 2073 quo
1087 2035 1297 2074 acceperu
1307 2027 1351 2060 nt
1370 2035 1439 2059 re-

135 2073 286 2124 liquae
303 2073 532 2115 editiones.
589 2076 618 2114 l.
635 2080 672 2116 6.
688 2073 774 2118 οὗτοι
795 2076 948 2131 Κρνῒτες)
969 2077 1051 2118 οὕτω
1066 2086 1126 2128 Κρ.
1147 2077 1292 2118 ΑΙὊΙι.
1318 2077 1368 2115 V
1365 2073 1438 2115 izz-

135 2127 240 2168 doh.
258 2129 413 2188 WEss.
469 2131 499 2169 l.
523 2146 560 2182 7.
578 2135 694 2172 ταῦτα
720 2138 798 2178 μὲν
823 2132 895 2186 δὴ)
925 2132 997 2173 Sic
1016 2130 1243 2185 Stephani
1263 2147 1436 2186 margo,

133 2183 314 2240 Reng.
339 2185 463 2225 Med.
492 2188 560 2226 Ab
580 2187 678 2227 aliis
702 2192 760 2232 μὲν
784 2189 917 2228 abest.
957 2190 1109 2227 WEss.
1134 2211 1183 2218 -
1224 2190 1287 2227 Ex
1314 2187 1438 2229 Med.

132 2239 304 2291 primus
338 2240 600 2293 particulam
634 2242 758 2282 illam
788 2244 954 2297 recepit
987 2244 1131 2283 Gron.
1180 2244 1440 2297 Agnoscunt

133 2301 282 2334 autem
323 2297 523 2336 camdem
561 2298 701 2338 nostri
743 2301 871 2339 codd.
909 2312 1085 2351 omnes,
1130 2307 1311 2352 excepto
1352 2300 1438 2340 Pb.

134 2350 253 2389 Eud.
276 2351 306 2392 l.
330 2365 368 2400 7.
390 2353 449 2392 ἴσα
476 2364 536 2400 σφι
558 2355 640 2403 πρές
659 2351 750 2406 ἴσοι)
775 2354 846 2394 Sic
865 2356 1018 2396 Aldus
1028 2383 1046 2401 J
1072 2361 1114 2393 et
1135 2369 1233 2395 mss.
1274 2355 1436 2394 Venet-

133 2403 277 2466 Arjch.
299 2406 435 2447 Pass.
457 2415 500 2448 et
525 2406 686 2448 Paris.
711 2410 763 2451 C.
794 2411 1011 2451 referente
1036 2412 1106 2450 W
1101 2424 1182 2450 ess.
1201 2416 1242 2449 et
1264 2409 1326 2449 sic
1354 2423 1436 2448 110-

133 2466 212 2499 str1
231 2461 317 2502 Pb.
336 2463 424 2503 Pd.
446 2464 527 2504 Pe.
558 2467 678 2516 quod
699 2466 866 2519 placuit
895 2479 1111 2520 reponere
1135 2480 1236 2505 cum
1257 2462 1435 2516 Schaefl
