1732 2951
274 189 433 221 xxxw
651 166 1230 218 PRAEFATIO.

328 288 579 326 TEnTan
600 284 793 334 Codex,
840 278 1001 322 Paris.
1034 280 1089 324 C.
1120 283 1193 322 vel
1218 283 1326 331 Pe„
1363 282 1481 324 inter
1510 284 1594 325 Co-

275 352 394 394 dices
436 354 630 392 Graecos
671 350 719 390 in
762 350 898 392 Catal.
944 348 1156 389 Biblioth.
1194 351 1304 404 ch.
1343 359 1596 393 recensetur

273 435 397 461 num.
427 431 706 461 MDCXXXV.
739 417 1053 463 chartaceus,
1073 422 1299 457 exaratus
1320 431 1447 459 anno
1473 432 1589 470 ¹447·

275 501 366 540 quo
409 486 696 527 continentur
736 480 981 524 Herodoti
1014 480 1381 523 Halicarnassei
1419 482 1592 525 Histo-

274 552 460 594 riarum
492 549 607 592 libri
646 551 734 592 IX.
772 547 823 590 in
856 548 1024 602 quibus
1064 547 1381 589 exscribendis
1411 552 1490 600 (ut
1529 551 1591 591 ait

270 619 471 675 Catalogi
506 619 692 671 auctor)
734 614 929 657 librarii
962 614 1260 673 diligentiam
1298 630 1394 657 non
1430 614 1590 657 imme-

270 687 370 728 rito
397 684 640 727 desideres.
670 683 918 725 Interdum
937 680 1061 723 enim
1085 681 1285 724 omissae
1297 683 1494 736 phrases
1516 682 1590 724 in-

272 763 442 812 tegrae.
485 752 765 794 Occurrunt
797 757 950 791 tamen
973 747 1230 802 aliquando
1261 764 1357 790 non
1386 758 1590 792 contem-

270 821 447 861 nendae
474 817 712 859 lec-tiones.
761 819 882 868 Hac,
914 823 1045 869 put0‚
1078 818 1198 856 haud
1232 816 1428 869 optimae
1454 817 1586 858 n‘otae

269 887 387 926 sama
418 892 649 939 permotus
680 883 949 925 Larcherus
982 884 1103 922 hunc
1134 883 1345 922 Codicem
1383 883 1442 923 ita
1463 883 1588 937 peni-

266 962 338 994 tus
375 952 590 1007 neglexit,
620 958 669 991 ut
697 950 820 990 iltius
849 963 1067 1001 nusquam
1101 963 1157 989 ne
1180 949 1456 990 mentionem
1489 950 1589 1002 qui-

270 1022 371 1060 dem
391 1019 543 1060 fecerit
558 1019 709 1058 ullam.
727 1019 799 1056 Est
817 1024 966 1056 autem
985 1015 1060 1055 hic
1078 1017 1216 1056 codex
1238 1016 1435 1057 eiusdem
1456 1017 1589 1057 farni-

268 1086 355 1127 liae
374 1101 476 1126 cum
496 1099 574 1137 eo,
595 1099 727 1136 quem
751 1083 898 1136 primo
920 1085 1022 1123 loco
1048 1083 1301 1134 nominavi3
1327 1091 1368 1123 et
1390 1083 1493 1123 licet
1513 1098 1586 1124 ae-

268 1159 354 1193 tate
384 1153 439 1193 sit
461 1153 541 1192 illo
567 1150 811 1202 recentior,
847 1156 994 1190 tamen
1026 1149 1225 1190 bonitate
1246 1152 1364 1190 haud
1391 1153 1585 1191 multum

267 1219 415 1259 eidem
437 1217 577 1267 ccdit3
615 1223 749 1268 atque
782 1230 863 1256 usu
889 1216 1021 1255 etiam
1052 1215 1183 1256 nobis
1212 1215 1438 1256 interdum
1461 1217 1586 1257 venit

265 1293 315 1327 ut
347 1283 678 1339 probatissimas
707 1283 938 1323 Lectiones
975 1297 1028 1322 ex
1058 1282 1140 1322 illo
1166 1282 1448 1335 potuerimus
1476 1297 1582 1336 pro-

265 1354 402 1405 ferre,
430 1366 538 1404 quas
559 1365 610 1390 ex
638 1351 777 1390 altero
807 1363 899 1389 non
924 1348 1174 1401 reperimus
1205 1356 1414 1390 enotatas.
1444 1353 1586 1391 Tenet

265 1428 413 1461 autem
453 1421 562 1458 haec
595 1416 764 1456 familia
804 1415 930 1468 quasi
966 1417 1194 1467 quoddam
1230 1417 1431 1458 medium
1468 1418 1584 1459 inter

266 1490 396 1528 codd.
416 1486 561 1528 Arch.
592 1493 633 1525 et
661 1483 807 1526 Vind.
838 1485 893 1524 ab
926 1498 1017 1524 una
1042 1491 1195 1537 parte,
1233 1492 1275 1525 et
1303 1487 1439 1527 Pass.
1467 1487 1582 1528 Ask.

266 1555 390 1598 Med.
421 1561 463 1594 et
491 1555 542 1592 F.
574 1553 628 1591 ab
660 1553 818 1602 altera3
860 1552 994 1591 modo
1036 1552 1091 1590 ad
1133 1553 1237 1604 hos,
1277 1554 1413 1592 modo
1442 1555 1497 1593 ad
1529 1553 1583 1595 il-

264 1623 332 1661 los
371 1619 509 1674 magis
543 1617 779 1657 inclinans.
831 1618 893 1655 Ex
931 1617 1089 1656 eodem
1127 1625 1276 1657 autem
1311 1620 1397 1658 hoc
1429 1626 1582 1660 nostro

265 1687 419 1727 codice
450 1688 534 1726 Pe.
568 1686 718 1724 ductas
745 1697 835 1723 csse
864 1697 934 1723 eas
959 1682 1219 1736 Lectiones,
1262 1698 1369 1735 quas
1404 1687 1585 1727 Wesse-

265 1751 443 1810 lingius
473 1759 577 1792 nota
607 1749 769 1792 Paris.
791 1750 850 1790 A.
878 1750 1152 1805 distinguere
1175 1751 1427 1806 consuevit,
1454 1743 1582 1806 paul-

265 1823 311 1861 lo
332 1827 433 1860 ante
456 1818 730 1858 monuimus.

321 1909 359 1962 Q
374 1921 400 1945 u
413 1920 439 1946 A
455 1921 514 1945 nT
530 1920 556 1945 u
571 1920 589 1946 s
611 1912 760 1945 noster
778 1907 938 1957 codex,
961 1902 1122 1945 Paris.
1142 1904 1202 1943 D.
1219 1905 1311 1944 sive
1337 1906 1427 1946 Pd.
1445 1921 1581 1958 quem

264 1974 535 2015 Larclzerus
569 1972 675 2012 item
712 1973 820 2012 nota
853 1972 915 2014 D.
955 1970 1175 2024 distinxit,
1216 1972 1263 2010 in
1298 1974 1432 2013 Catal.
1469 1973 1582 2013 Bibl-

264 2043 375 2095 Reg.
401 2054 527 2079 num.
552 2053 918 2080 MMCMXXXHI.
942 2039 1194 2079 chartaceus
1217 2047 1303 2090 est,
1325 2054 1443 2080 anno
1465 2052 1582 2092 1474.

264 2114 476 2147 exaratus.
534 2108 710 2158 Praeter
752 2105 955 2145 Isocratis
996 2113 1037 2144 ct
1077 2106 1301 2146 Plutarchi
1335 2109 1553 2147 nonnulla
1569 2138 1582 2160 ‚

265 2174 464 2214 continet
490 2172 710 2212 Herodoti
740 2171 1038 2212 Historiarum
1067 2173 1206 2213 libros
1228 2173 1303 2213 IX.
1326 2174 1487 2226 quibus
1510 2188 1583 2214 ac-

264 2239 379 2279 cedit
407 2238 598 2278 Lexicon
628 2239 954 2277 vocabulorum
990 2240 1219 2278 Herodoto
1256 2239 1580 2292 peculiarium:

264 2306 387 2356 quod
409 2304 593 2356 quidem
615 2303 810 2344 Lexicon
843 2305 976 2344 doleo
1002 2318 1093 2344 non
1125 2305 1259 2345 fuisse
1282 2319 1307 2345 a
1328 2305 1578 2360 Georgiade

262 2379 414 2413 nostro
449 2387 548 2412 cum
583 2371 664 2411 illo
694 2373 930 2423 collatum,
969 2373 1090 2423 quod
1126 2374 1196 2412 vel
1233 2386 1259 2412 a
1284 2372 1577 2428 W'esselingio

263 2441 335 2479 vel
356 2441 411 2479 ab
432 2441 733 2494 Iungermano
763 2439 933 2479 editum
959 2446 1034 2479 est.
