1732 2951
248 231 343 291 486
589 231 1215 282 ARGUMENTUM

247 343 391 384 Iidem
404 341 542 385 Iones
561 344 669 384 olim
689 344 736 383 in
753 346 1062 397 Peloponneso
1086 342 1222 397 (sicut
1241 344 1344 385 dein
1365 345 1567 401 Achaei)

248 400 487 440 duodecim
514 399 709 439 civitates
740 407 982 439 tenuerant.
1005 398 1162 451 (14⁵2)
1200 401 1387 442 Ionibus
1414 403 1564 444 Asiam

247 455 548 495 incolentibus
580 455 807 495 immixtae
837 462 938 494 sunt
975 455 1089 494 aliae
1120 456 1315 496 familiae
1345 458 1565 510 Graecae,

249 525 362 562 quac
394 524 484 550 non
514 519 616 550 sunt
644 525 695 550 cx
724 509 877 551 Ionica
901 509 1052 563 stirpe.
1083 511 1170 566 Qui
1207 514 1337 552 Iones
1359 511 1563 554 Athenis

247 567 295 606 in
323 567 467 606 Asiam
494 565 765 619 migrarunt,
796 565 845 605 hi
868 566 1044 606 Caricas
1066 568 1232 606 duxere
1252 581 1432 621 uxores,
1458 582 1568 620 qua-

247 637 349 662 rum
381 621 631 661 occiderant
657 630 877 674 parentes.
904 619 1059 674 (146.)
1101 620 1346 675 Apaturia
1378 623 1566 677 festum,

251 685 292 717 et
329 675 588 717 Panionia.
626 676 751 730 (147.
789 677 909 730 148.)
949 676 1228 718 Aeolicae
1265 678 1487 731 civitates,
1516 679 1566 720 in

251 731 520 773 continente.
535 731 554 784 (
570 731 688 786 149·)
715 734 918 790 Smyrna
941 746 992 772 ex
1010 733 1078 773 his
1097 734 1269 774 amissa.
1286 732 1426 786 (150.)
1455 737 1568 775 Aeo-

249 789 364 830 licae
387 787 584 828 civitates
609 788 656 828 in
682 788 788 840 Ida,
814 802 915 828 cum
935 788 1005 828 his
1026 803 1117 828 non
1147 788 1432 830 coniunctae:
1464 789 1569 830 reli-

250 857 388 897 quae,
419 843 466 883 in
493 843 663 885 insulis.
693 845 931 884 Aeolenscs
952 845 1009 884 ob
1037 843 1159 903 Cyri
1181 852 1349 885 metum
1378 845 1569 887 Ionibus

249 915 295 941 se
318 898 756 953 adiungunt.(151.)

304 954 655 994 Lacedaemonii
675 953 874 996 Ionibus
888 955 1105 996 auxilinm
1124 962 1310 1011 negant:
1325 958 1402 996 sed
1421 964 1568 997 tamen

251 1012 394 1063 Cyro,
428 1024 483 1049 ne
514 1012 704 1050 Graecos
732 1017 881 1062 vexet,
913 1010 1197 1051 denunciant.
1217 1012 1369 1065 (152.)
1410 1012 1570 1070 Cyrus

249 1065 510 1108 contemtim
539 1065 794 1118 respondit:
834 1067 1044 1107 Sardibus
1076 1067 1213 1117 redit,
1245 1067 1473 1110 Croesum
1502 1081 1570 1107 se-

252 1135 353 1161 cum
392 1123 583 1171 dueens;
618 1122 882 1174 Babyloniis
911 1124 1081 1163 bellum
1114 1123 1237 1176 ipse,
1268 1123 1454 1164 Ionibus
1487 1137 1570 1176 per

250 1178 418 1231 legatos
433 1206 444 1224 ‚
468 1177 675 1218 facturus.
694 1176 848 1230 (153.)

306 1230 457 1290 Lydi,
482 1234 646 1285 Pactya
674 1235 809 1284 duce,
839 1233 1082 1273 rebellant:
1107 1233 1270 1285 quibus
1291 1233 1472 1293 Cyrus,
1499 1233 1569 1273 in-

250 1290 502 1329 tercedente
523 1288 727 1334 Croeso,
749 1288 924 1328 veniam
944 1290 1015 1328 dat
1038 1291 1120 1328 hac
1140 1292 1254 1343 lege,
1278 1298 1325 1328 ut
1344 1303 1467 1328 arma
1485 1297 1569 1329 tra-

252 1345 382 1392 dant,
405 1351 446 1383 et
463 1343 640 1383 virilem
661 1344 778 1384 vitae
797 1343 1013 1383 rationem
1036 1358 1138 1383 cum
1161 1344 1372 1384 muliebri
1389 1353 1571 1397 permu-

250 1407 358 1440 tent.
379 1401 517 1450 (154-
533 1398 654 1452 156.)
684 1402 873 1452 Pactyas
890 1401 1048 1439 Cumas
1069 1397 1249 1454 effugit3
1277 1401 1331 1439 de
1355 1413 1444 1452 quo
1465 1403 1569 1440 Per-

251 1454 310 1496 sis
334 1456 550 1495 tradendo
575 1455 764 1495 Cumani
794 1457 1025 1495 oraculum
1047 1453 1435 1496 Branchidarum
1463 1470 1571 1496 con-

251 1512 469 1561 sulentes,
513 1510 681 1551 mirum
728 1512 926 1550 referunt
965 1524 1243 1563 responsum.
1293 1513 1433 1561 (157-
1449 1510 1570 1564 159.)

251 1566 353 1605 Chii
377 1566 593 1618 Paetyam
608 1597 620 1618 ,
643 1580 668 1605 a
685 1566 894 1607 Cumanis
920 1567 979 1606 ad
1002 1566 1121 1618 ipsos
1144 1566 1399 1619 dimissum,
1421 1566 1571 1607 Persis

253 1623 459 1673 tradunt,
489 1621 683 1674 pretium
715 1622 831 1674 pacti
865 1622 1178 1663 Atarnensem
1204 1636 1374 1676 agrum.
1407 1620 1565 1675 (160.)

251 1680 470 1729 Mazares,
509 1678 599 1717 dux
630 1680 886 1729 Persarum,
919 1678 1040 1717 hello
1072 1677 1354 1729 persequitur
1384 1691 1458 1718 eos
1489 1677 1569 1729 qui

253 1747 354 1772 cum
388 1735 552 1785 Pactya
590 1734 926 1773 rebellaverant.
966 1731 1126 1785 (161.)
1169 1732 1305 1773 Cuius
1344 1747 1569 1774 successor

252 1790 513 1842 Harpagus,
532 1787 655 1828 iactis
677 1789 916 1844 aggeribus
931 1789 1062 1828 urbes
1076 1786 1270 1829 Ionicae
1290 1802 1569 1843 oppugnans,

250 1844 450 1897 primum
476 1844 744 1884 Phocaeam
767 1846 995 1898 adgressus
1014 1851 1089 1883 est.
1118 1843 1269 1896 (162.)

307 1899 625 1940 Phocaeenses
655 1900 765 1940 olitn
784 1899 1056 1954 longinquas
1078 1906 1364 1940 exercuerant
1387 1898 1570 1954 naviga-

252 1953 419 2004 tiones3
438 1952 878 2009 etArgantlzonium
893 1986 904 2007 ,
920 1955 1109 1995 Tartessi
1130 1969 1299 2007 regem,
1323 1956 1571 1995 habuerant

253 2010 473 2049 amicumx
493 2008 649 2063 (163.)
673 2024 815 2061 nunc,
841 2012 951 2050 urbe
974 2009 1147 2062 relicta,
1180 2008 1427 2053 Corsicam
1448 2010 1572 2052 habi-

252 2072 393 2106 tatum
412 2065 639 2115 abierunt3
662 2068 801 2117 unde,
821 2073 919 2118 post
936 2066 1154 2118 praelium
1173 2067 1336 2106 navale
1356 2080 1456 2106 cum
1472 2069 1572 2106 Car-

254 2119 607 2173 thaginiensibus
627 2129 668 2160 et
687 2121 932 2174 Tyrrhenis
959 2134 1113 2172 parum
1140 2136 1351 2174 prospere
1367 2122 1571 2162 commis-

253 2191 376 2229 sum,
395 2175 620 2226 Rhegium
639 2184 837 2229 petentes
851 2207 861 2227 ‚
886 2177 947 2218 H
934 2177 1092 2231 yelam
1117 2177 1210 2217 sive
1245 2176 1422 2218 Veliam
1444 2177 1571 2230 oppi-

255 2233 364 2271 dum
385 2232 696 2272 condiderunt.
734 2234 1058 2286 Agyllaeorum
1078 2247 1205 2287 ager,
1232 2233 1441 2273 caedibus
1470 2234 1571 2286 pol-

254 2289 398 2340 lutus,
429 2301 519 2339 quo
542 2295 675 2340 pacto
703 2289 919 2340 expiatus.
949 2287 1139 2345 Cyrnus
1161 2291 1305 2329 heros.
1328 2287 1566 2339 (164-167.)

262 2340 390 2392 Teii,
413 2345 623 2397 Harpago
649 2344 885 2383 moenibus
911 2346 1055 2396 potito
1071 2374 1082 2391 ,
1100 2344 1336 2384 Thraciam
1357 2351 1568 2396 petentes,

254 2398 488 2439 Abderam
509 2398 819 2440 condiderunt.
840 2399 859 2452 (
879 2399 993 2452 268.)
1033 2400 1204 2439 Caeteri
1235 2400 1396 2441 Iones.
1427 2399 1570 2440 conti-

252 2462 433 2494 nentem
448 2454 708 2506 habitantes,
722 2455 975 2495 servitutem
996 2455 1241 2494 subierunt.
1262 2454 1401 2507 (169.)
1427 2453 1571 2496 Bian-

256 2507 317 2549 tis
342 2510 453 2550 olim
483 2510 722 2553 consilium
747 2510 936 2554 Ionibus
962 2516 1138 2563 datuu13
1168 2512 1273 2553 item
1297 2511 1419 2554 aliud
1447 2510 1569 2553 Tha-

256 2565 372 2609 letis.
399 2568 419 2621 (
438 2568 554 2619 170.)
