1732 2951
327 292 409 322 xn
720 273 1258 325 PRAEFATIO.

324 386 381 427 sit
401 392 443 426 et
464 400 621 439 parum
643 386 843 427 dilucida
858 420 869 440 ,
888 396 934 428 ut
950 389 1069 429 haud
1089 403 1211 441 raro,
1232 388 1340 441 quid
1357 387 1413 428 sit
1429 389 1549 440 quod
1569 390 1640 428 vel

325 467 508 509 graecus
540 453 738 506 Scriptor
767 456 837 495 vel
873 455 967 495 eius
994 457 1217 508 interpres
1244 456 1392 496 dicere
1422 455 1638 508 voluerit,

326 520 514 572 perinde
538 520 730 560 incertus
751 522 950 561 haereas.
980 521 1186 572 Denique
1207 521 1385 562 videtur
1405 521 1482 562 ille
1506 521 1637 561 etiam

324 599 417 625 non
446 594 606 626 tantam
630 601 802 639 curam,
839 595 1052 639 quantam
1075 594 1300 640 potuerat,
1326 587 1372 627 iu
1393 589 1508 627 hane
1532 601 1638 628 con-

324 651 560 692 ficiendam
594 653 813 693 Herodoti
846 653 1108 694 Ver-sionem
1140 653 1434 705 impendisse,
1467 656 1544 694 sed
1572 662 1661 694 to-⁷

325 726 412 757 tam
453 721 695 758 admodum
736 721 1052 772 deproperasse
1088 733 1283 772 operam.
1335 722 1384 759 Et
1418 721 1635 762 Grono-

280 833 286 839 ἡ
324 782 460 824 vius
495 786 676 837 quidem
705 789 842 827 multa
871 788 1039 827 Vallae
1070 794 1208 826 errata
1234 786 1395 839 passim
1419 788 1635 839 correxit,

321 854 397 892 sed
431 853 566 907 longe
595 860 740 893 tamen
767 853 958 906 plurima
984 852 1143 892 intacta
1174 852 1385 904 reliquit:
1416 855 1636 894 nonnulla

322 917 454 958 etiam
486 918 543 959 ita
570 919 780 970 mutavit,
806 927 853 959 ut
874 919 1136 972 pervertisse
1164 918 1302 971 magis
1333 933 1465 970 quam
1491 933 1636 960 corre-

321 984 435 1025 xisse
469 985 688 1026 rideatur.
729 987 854 1039 Quae
885 999 990 1025 vero
1031 983 1371 1042 W‘esselingius
1399 985 1445 1025 in
1478 988 1633 1027 eadem

321 1052 536 1092 Versione
555 1052 766 1097 correxit,
792 1051 962 1105 oppido
986 1065 1125 1104 pauca
1147 1061 1272 1101 sunt3
1295 1060 1462 1092 caetera
1483 1067 1507 1093 a
1525 1053 1634 1094 Viro

319 1119 455 1173 longe
477 1119 756 1171 doctissimo,
782 1118 949 1158 maiora
970 1126 1216 1170 spectante,
1253 1121 1455 1159 consulto
1483 1122 1636 1175 negle-

319 1191 400 1224 cta.
432 1187 495 1225 Ita
523 1185 569 1225 fit
599 1194 645 1226 ut
669 1187 741 1226 vix
770 1187 887 1226 ullus
914 1192 1050 1226 exstet
1080 1187 1272 1227 Graecus
1299 1194 1475 1240 auctor,
1508 1187 1634 1229 cuius

317 1251 498 1293 Latina
528 1251 683 1293 versio
724 1260 808 1292 tam
840 1253 955 1292 male
989 1252 1239 1304 misereque
1270 1262 1521 1306 comparata
1549 1255 1631 1307 sit,

319 1331 451 1369 quam
477 1332 525 1357 ea
557 1333 670 1370 quae
700 1320 754 1358 ad
780 1320 900 1358 hunc
930 1332 1070 1370 usque
1096 1318 1214 1358 diem
1237 1319 1509 1360 suavissimis
1533 1320 1632 1360 He-

317 1382 483 1424 rodoti
505 1383 660 1424 Musis
691 1397 837 1424 eomes
863 1383 1012 1424 iuncta
1045 1392 1148 1424 erat.
1185 1387 1358 1440 Quare,
1388 1401 1527 1438 quum
1549 1388 1631 1427 hae

315 1465 434 1491 nova
460 1451 667 1491 Editioue
698 1450 976 1503 propositum
1011 1451 1139 1492 nobis
1174 1451 1332 1503 suerit,
1363 1466 1455 1493 non
1483 1455 1632 1494 solum

316 1519 551 1557 doctorum
581 1517 817 1557 hominum
837 1548 848 1569 ,
879 1516 955 1568 qui
986 1517 1060 1557 tali
1086 1517 1362 1558 adminiculo
1394 1533 1484 1559 non
1512 1519 1630 1559 indi-

314 1590 500 1637 gerent,
531 1584 746 1623 iuservire
781 1583 964 1636 studiis,
1004 1598 1157 1623 verum
1185 1584 1318 1623 etiam
1351 1586 1408 1625 ab
1434 1585 1496 1625 eis
1530 1588 1631 1625 Mu-

314 1663 460 1690 sarum
492 1650 646 1690 amieis
683 1649 798 1690 inire
834 1650 1045 1705 gratiam,
1087 1650 1249 1702 quibus
1286 1650 1332 1689 in
1367 1653 1453 1691 hoc
1489 1652 1627 1701 mari,

316 1716 519 1768 quamvis
543 1716 720 1769 placido
739 1752 751 1770 ,
785 1730 877 1755 non
899 1716 993 1756 sine
1013 1716 1175 1756 cortice
1198 1727 1346 1757 natare
1371 1720 1519 1758 datum
1541 1727 1626 1769 est;

313 1782 527 1822 illusurus
560 1782 672 1822 mihi
704 1782 823 1822 risus
855 1796 973 1822 eram
1014 1783 1300 1832 Lectoribus,
1336 1783 1373 1824 si
1400 1782 1624 1825 Latinam

322 1848 629 1895 Ver-sionem,
658 1849 800 1901 qualis
829 1851 974 1889 adhuc
1003 1849 1112 1895 fuit,
1151 1851 1382 1903 repetitam
1404 1850 1625 1891 exhibuis-

311 1931 417 1957 sem.
469 1918 519 1955 In
544 1930 630 1968 qua
652 1915 833 1968 quidem
862 1917 1144 1955 emendanda
1165 1926 1399 1968 postquam
1426 1916 1623 1969 primum

311 1984 371 2023 ita
392 1982 703 2023 constitueram
727 1981 911 2033 versari,
937 1989 1002 2034 ut,
1025 1982 1185 2022 intaeta
1206 1982 1464 2034 relinquens
1489 1997 1623 2034 quae—

311 2064 503 2102 cumque
536 2050 642 2089 ferri
670 2056 910 2101 utcumque
942 2057 1151 2102 possent,
1182 2063 1235 2089 ea
1267 2051 1447 2089 demum
1483 2058 1624 2090 muta-

310 2132 427 2167 rem,
473 2130 585 2168 quae
621 2123 696 2156 aut
730 2116 1014 2169 obscuriora,
1058 2125 1132 2157 aut
1171 2119 1226 2156 ad
1262 2131 1439 2157 sensum
1475 2117 1624 2158 minus

309 2183 546 2222 commode
576 2182 741 2234 posita,
773 2190 849 2222 aut
880 2196 993 2233 quae
1023 2184 1080 2222 ab
1109 2182 1300 2223 auctoris
1324 2188 1471 2222 mente
1496 2196 1624 2234 pror-

307 2263 381 2289 sus
413 2255 553 2289 essent
583 2248 754 2298 aliena3
784 2262 888 2288 mox
918 2249 1143 2302 intellexi,
1180 2258 1221 2289 et
1249 2250 1305 2288 ad
1332 2248 1623 2300 aequabilita-

307 2322 396 2354 tem
423 2315 635 2355 orationis
655 2315 800 2368 aptius
822 2315 941 2366 fore,
975 2325 1015 2356 et
1045 2315 1217 2368 alioqui
1250 2317 1390 2356 multo
1423 2311 1621 2356 commo-

307 2382 431 2432 dius,
465 2382 502 2422 si
539 2389 678 2421 totam
711 2383 765 2421 (le
796 2381 970 2437 integro
1012 2382 1289 2437 refingerem.
1354 2385 1497 2433 Atque
1535 2385 1621 2422 hoe

303 2448 364 2488 ita
394 2448 571 2503 peregi,
601 2456 671 2501 ut,
706 2450 907 2489 absoluta
939 2463 1021 2502 pro
1051 2449 1139 2489 mei
1170 2458 1300 2502 captu
1334 2448 1506 2503 ingenii
1530 2449 1619 2489 sin-

305 2516 512 2569 gulorum
535 2515 726 2568 capitum
746 2515 972 2569 versione,
995 2514 1173 2557 Latina
1195 2525 1360 2557 nostra
1382 2530 1481 2556 cum
1499 2517 1619 2558 Lou-
