1732 2951
292 281 325 310 x
684 263 1215 312 PRAEFATIO.

293 377 341 417 in
361 376 600 423 tractandis
630 377 811 417 vetustis
843 376 1075 417 codicibus
1103 377 1176 417 vel
1197 375 1482 417 mediocriter
1505 365 1609 418 sunt

294 444 481 495 versati,
512 442 614 483 satis
634 443 682 482 hi
703 449 890 495 norunt,
919 442 1050 482 etiam
1073 441 1457 483 vitiosissimarum
1482 450 1608 483 nota-

296 509 464 550 tionem
496 510 755 550 Lectionum
777 508 1070 562 multiplicem
1103 522 1232 561 posse
1262 523 1388 549 usum
1410 516 1608 563 praesta-

294 590 367 626 re;
397 583 438 616 et
459 590 510 615 ex
532 575 680 615 medio
701 575 826 614 sumo
850 574 1153 626 tenebrisque,
1187 588 1294 625 quas
1314 573 1607 615 librariorum

296 642 367 680 vel
402 640 630 680 oscitantia
668 642 740 680 vel
780 640 1000 679 temeritas
1034 641 1105 679 vel
1143 638 1400 694 ignorantia
1429 640 1609 680 obfudit

294 706 517 761 genuinae
556 707 747 747 auctoris
785 706 1057 759 scripturae,
1101 705 1378 758 inopinatam
1416 705 1608 746 subinde

295 775 441 814 lucem
463 773 586 813 oriri.
613 772 911 814 Constitutum
940 772 1052 812 mihi
1073 779 1167 812 erat
1192 771 1324 812 initio
1340 801 1350 819 ,
1383 771 1445 812 eis
1471 771 1519 811 in
1539 773 1610 812 lo·-

297 839 383 891 cis,
412 839 490 879 ubi
519 842 572 879 de
600 842 760 880 selectu
791 854 842 879 ex
873 840 1058 880 diversis
1088 839 1375 880 Lectionibus
1403 838 1609 879 faciendo

295 905 488 946 incertus
521 906 702 946 fuissem
741 906 858 959 ipse,
890 913 963 946 aut
995 905 1072 945 ubi
1102 905 1270 960 ambigi
1307 907 1363 945 ab
1389 905 1487 945 aliis
1515 919 1611 945 non

295 972 392 1012 sine
413 987 561 1013 caussa
590 987 717 1026 posse
739 973 989 1025 videretur,
1022 972 1121 1012 illas
1148 972 1405 1019 Lectiones,
1442 985 1555 1023 quae
1586 985 1612 1011 a

296 1054 368 1079 mc
387 1039 603 1093 sepositae
623 1040 790 1092 forent,
819 1039 905 1092 ipsi
924 1039 1074 1081 statim
1100 1039 1325 1079 contextui
1347 1038 1543 1090 qualibet
1562 1037 1611 1077 in

296 1105 459 1160 pagina
482 1106 714 1147 subiicere.
755 1107 840 1147 Sed
875 1113 991 1146 tanta
1016 1105 1101 1145 fuit
1126 1105 1260 1145 huius
1287 1104 1464 1161 generis
1496 1106 1614 1148 mul-

297 1172 468 1225 titudo,
514 1181 562 1213 ut
596 1174 643 1213 in
678 1176 764 1214 hac
798 1173 1063 1227 praesertim
1102 1172 1269 1213 minori
1307 1173 1477 1223 forma,
1523 1184 1612 1223 qua

298 1239 449 1292 prodit
475 1241 584 1279 haec
610 1239 772 1291 editio,
799 1239 990 1279 nimium
1015 1239 1146 1291 spatii
1176 1240 1433 1278 absumtura
1457 1237 1612 1278 suisset

297 1305 374 1345 illa
397 1305 534 1357 ratio,
570 1320 732 1361 magno
762 1306 1052 1346 incommodo
1089 1306 1326 1358 taedioque
1359 1307 1613 1358 plerorum-

299 1386 386 1424 que
419 1374 677 1424 Lectoru1n3
711 1373 788 1425 qui
806 1373 853 1412 in
877 1375 1066 1428 legendo
1092 1373 1316 1426 Scriptore
1333 1404 1345 1424 ,
1377 1372 1509 1413 seriei
1534 1386 1612 1412 ne—

298 1438 466 1489 xuique
489 1453 637 1478 rerum
660 1439 842 1485 intenti,
869 1440 1063 1495 graviter
1085 1439 1231 1480 ferunt
1248 1470 1260 1494 7
1293 1439 1330 1480 si
1351 1438 1513 1479 criticis
1532 1452 1615 1478 no-

300 1504 427 1557 tulis,
459 1506 514 1544 ad
535 1505 815 1560 singulorum
839 1509 1076 1546 verborum
1107 1508 1319 1546 selectum
1343 1507 1614 1559 plerumque

300 1572 625 1625 spectantibus,
656 1572 997 1626 interrumpitur
1017 1572 1199 1613 attentio
1230 1573 1368 1612 animi
1393 1579 1433 1612 et
1455 1574 1510 1611 ad
1531 1572 1613 1611 mi-

299 1646 427 1690 nuta,
459 1653 571 1690 quae
593 1639 774 1691 quidem
803 1639 910 1692 ipsis
940 1640 1173 1691 videntur,
1202 1638 1472 1679 distrahitur.
1495 1640 1615 1692 Qua-

301 1718 370 1749 re,
404 1704 577 1744 abiccto
607 1705 687 1744 illo
724 1705 936 1758 consilio,
968 1705 1344 1745 consultissimum
1375 1703 1483 1744 duxi
1513 1702 1615 1743 uni-

302 1784 480 1810 versum
519 1770 651 1810 simul
698 1773 958 1824 adparatum
1010 1770 1195 1812 Varia
1208 1786 1328 1811 rum
1374 1767 1617 1812 Lectio-

303 1850 462 1881 num,
493 1851 605 1888 quae
639 1838 695 1877 ad
734 1852 957 1889 quemque
991 1838 1210 1878 Editionis
1241 1837 1375 1877 huius
1420 1838 1616 1876 Tomum

303 1903 604 1956 pertinerent,
631 1912 832 1956 separata
862 1906 1011 1945 Parte
1040 1905 1100 1945 ita
1138 1903 1394 1957 complecti,
1440 1910 1487 1942 ut
1519 1903 1618 1943 illa-

302 1983 401 2008 rum
426 1967 649 2009 Pas-cium
672 1985 902 2023 quaeque,
934 1986 1016 2023 pro
1041 1973 1278 2011 Lectorum
1300 1968 1509 2020 arbitrio,
1545 1970 1616 2010 vel

303 2036 436 2077 simul
456 2051 554 2075 cum
577 2051 626 2076 ea
647 2038 819 2083 Parte,
841 2052 953 2089 quac
977 2038 1263 2080 contextum
1280 2036 1502 2087 continet,
1524 2048 1618 2075 uno

305 2104 554 2154 eodemque
587 2104 819 2144 volumine
853 2111 1000 2157 posset
1033 2104 1288 2159 compingi,
1324 2105 1394 2143 vel
1431 2101 1615 2142 seorsim

305 2183 387 2222 per
402 2183 446 2208 se
467 2178 694 2222 compacta
710 2170 803 2210 sive
822 2171 980 2223 seponi
999 2179 1143 2224 posset
1171 2173 1225 2211 ab
1245 2170 1312 2210 his
1331 2169 1410 2222 qui
1431 2171 1538 2208 haec
1560 2176 1620 2208 ta-

305 2235 364 2276 lia
385 2235 529 2276 minus
548 2245 724 2290 curant,
744 2237 839 2277 sive
860 2238 977 2278 inter
994 2240 1234 2294 legendum
1257 2251 1282 2276 a
1301 2239 1434 2276 latere
1454 2235 1620 2289 prioris

306 2300 475 2347 Partis
511 2303 620 2355 poni
656 2304 1024 2356 commodiusque
1064 2304 1223 2357 inspici
1256 2305 1312 2344 ab
1343 2302 1426 2354 eis,
1461 2301 1538 2353 qui
1571 2300 1620 2340 in

307 2367 418 2408 locis
439 2367 690 2420 quibusque
708 2368 1058 2421 difficilioribus,
1090 2377 1163 2410 aut
1184 2370 1218 2410 si
1241 2383 1327 2421 qua
1352 2370 1448 2408 loca
1468 2381 1620 2419 suspe-

308 2442 373 2473 cta
392 2434 497 2486 ipsis
519 2435 745 2489 videntur,
771 2438 989 2477 continuo
1009 2451 1275 2491 cognoscere
1302 2433 1489 2486 eupiunt
1511 2432 1621 2484 quid

309 2499 364 2540 sit
395 2501 516 2552 quod
549 2500 718 2543 ibidem
753 2502 865 2543 aliae
893 2502 1121 2544 Editioncs
1150 2501 1283 2542 aliive
1313 2498 1497 2541 Codices
1529 2511 1621 2538 ma-
