1732 2951
297 238 414 269 xxxt
683 219 1248 269 PRAEFATIO.

285 347 466 387 porum
497 330 688 374 notatio
706 362 715 375 ,
744 333 1019 385 tabulaeque
1044 331 1413 390 chronologicae
1441 342 1486 375 et
1509 349 1619 393 geo-

288 400 549 457 graphicae
584 397 788 439 additae.
853 399 1129 446 Accedunt,
1165 398 1404 441 volumine
1434 402 1621 448 altero,

294 468 430 507 Nova
459 463 795 518 interpretatio
824 463 978 505 lalina
1003 473 1049 505 et
1079 465 1232 506 Index·
1265 480 1454 521 rerum.-
1485 467 1620 506 volu-

293 531 419 573 mine
439 530 583 573 tertio
608 530 1051 574 Animadversiones
1079 540 1125 573 et
1153 531 1365 574 Lexicon
1395 534 1616 576 Herodo-

294 606 432 639 teum.
485 599 632 638 Editio
672 614 812 651 quum
847 600 902 639 ad
936 613 1064 639 usum
1107 599 1427 651 quotidianum
1465 600 1618 642 multis

291 666 555 705 nominihus
592 668 938 718 percommoda,
983 674 1077 706 tum
1108 673 1229 706 tanta
1268 680 1371 706 cura
1403 674 1617 718 tantoque

291 729 440 768 studio
478 728 701 781 instituta,
737 738 786 770 ut
823 730 982 769 merito
1022 743 1178 771 omnes
1219 732 1447 770 Musarum
1483 730 1618 771 amici

291 796 553 852 gravissime
583 796 768 836 tulerint
802 799 923 848 quod
951 810 1031 849 per
1056 796 1250 836 Editoris
1281 797 1479 850 primum
1508 811 1618 837 cun-

291 863 555 909 ctationem,
588 864 693 903 dein
724 871 1057 917 praematurum
1080 863 1254 903 obitum
1271 895 1282 916 ‚
1317 863 1548 905 accidisset
1569 871 1618 905 ut

289 930 338 970 in
363 931 514 984 priore
543 930 681 984 primi
703 930 948 970 voluminis
973 937 1125 983 parte,
1159 944 1272 982 quae
1297 945 1522 988 graecum
1540 946 1618 972 ea:-

289 999 491 1051 emplum
513 1005 722 1051 quotuor
732 995 959 1050 priorum
981 995 1225 1037 Herodoti
1246 995 1482 1038 librorum
1498 1012 1616 1038 com.

288 1065 520 1118 plectitur,
556 1071 645 1104 tota
675 1063 755 1104 illa
792 1078 929 1116 opera
953 1063 1210 1103 substiterit.
1269 1065 1415 1105 Multo
1451 1065 1615 1106 deinde

287 1131 522 1171 interiecto
548 1139 750 1184 tempore
777 1131 1083 1171 studiosorum
1116 1130 1354 1170 hominum
1380 1130 1614 1173 desideriis

291 1199 329 1237 G
346 1212 371 1237 o
391 1212 416 1237 D
434 1212 459 1237 o
480 1212 500 1237 F
516 1212 555 1237 n.
589 1200 630 1237 H
648 1212 672 1236 E
687 1212 714 1237 N
733 1212 772 1237 n.
801 1199 865 1237 Sc
884 1212 910 1236 n
928 1210 954 1236 Α
969 1211 993 1237 E
1009 1211 1066 1236 FE
1081 1211 1105 1237 R
1137 1199 1349 1237 hactenus
1379 1197 1610 1251 satisfecit,

287 1272 335 1304 ut
364 1265 508 1317 priori
535 1265 651 1318 parti
679 1264 815 1317 primi
848 1264 1094 1304 voluminis
1122 1266 1303 1304 alteram
1334 1272 1502 1317 partem
1533 1267 1612 1304 ad-

286 1328 463 1380 iiceret⁷
498 1344 610 1381 quae
646 1329 800 1369 itidem
833 1327 1026 1382 Lipsiae
1051 1342 1170 1368 anno
1202 1343 1380 1369 mucce.
1410 1329 1608 1382 prodiit,

281 1410 507 1453 graecum
544 1397 805 1449 exemplum
846 1393 1049 1449 quinque
1077 1392 1409 1449 posteriorum
1451 1397 1610 1437 Hero-

287 1461 392 1502 doti
412 1460 645 1503 librorum
668 1464 1140 1516 comprehendentem.
1170 1464 1296 1501 Idem
1318 1462 1398 1503 Vh·
1420 1463 1608 1503 clarissi-

286 1544 409 1582 mus,
453 1529 579 1570 cuius
617 1531 816 1571 eruditae
849 1530 1201 1582 incredibilique
1241 1530 1485 1571 industriae
1519 1531 1608 1572 dici

285 1597 361 1637 vix
384 1604 528 1650 potest
560 1604 776 1649 quantum
808 1597 864 1637 sit
891 1600 1010 1650 quod
1043 1599 1200 1638 debeat
1226 1611 1484 1652 graecarum
1512 1612 1608 1638 om-

284 1679 343 1704 ne
363 1680 504 1720 genus
526 1666 781 1719 literarum,
821 1680 903 1719 per
924 1666 1044 1706 idem
1074 1672 1249 1718 tempus
1283 1665 1465 1706 seorsim
1494 1665 1608 1705 inte-

285 1743 410 1784 gram
443 1733 670 1770 Musarum
704 1730 851 1775 ἔκδοσιν,
887 1729 1165 1770 nitidissimis
1195 1730 1316 1782 typis
1356 1729 1606 1781 chartisque

284 1797 600 1850 conspicuam,
637 1811 718 1838 suo
756 1797 942 1837 nomine
971 1800 1194 1837 adornare
1226 1797 1438 1848 instituit;
1479 1797 1605 1838 cuius

284 1862 458 1916 primus
483 1873 648 1916 mulus,
680 1864 852 1917 priores
877 1865 984 1904 duas
1010 1867 1158 1905 Musas
1180 1865 1479 1916 complectens
1495 1895 1506 1915 ,
1529 1877 1605 1903 eo-

286 1931 388 1970 dem
414 1945 534 1971 anno
564 1927 740 1971 MDccc‘.
761 1933 849 1971 hoc
870 1930 999 1971 titulo
1021 1930 1215 1983 prodiit:
1240 1928 1485 1971 Herodoti
1499 1932 1605 1971 Ha-

285 1997 567 2040 licarnassei
609 1998 950 2041 Historiarum
990 1998 1105 2039 libri
1135 1999 1225 2042 IX·
1281 2001 1360 2040 Ex
1406 1997 1602 2053 optimis

284 2065 631 2120 exemplaribus*
658 2065 915 2107 emendavit
937 2082 994 2107 ac
1016 2069 1174 2109 ,Notas
1204 2064 1401 2107 criticas
1428 2065 1605 2107 adiecit

287 2134 423 2172 Gon.
466 2134 648 2172 HENn.
689 2134 1004 2173 ScuAssFm.
1062 2132 1251 2172 Nonnisi
1285 2147 1366 2173 suo
1395 2146 1602 2173 sermone

283 2200 520 2251 loquentes
556 2202 701 2240 Musas
738 2201 987 2252 producere
1025 2200 1167 2240 voluit
1205 2201 1385 2247 Editor,
1417 2199 1601 2239 latinam

284 2265 537 2307 versionem
569 2268 739 2306 nullam
768 2266 873 2306 huic
904 2267 1027 2309 ἐκδόσει
1061 2267 1328 2308 adiecturus.
1372 2268 1602 2308 Secundus

285 2339 455 2385 tomus,
490 2333 688 2385 tertiam,
730 2340 929 2385 quartam
965 2334 1262 2387 quintamque
1291 2337 1463 2375 Musam
1495 2348 1603 2375 con-

285 2398 452 2452 tinens,
488 2400 658 2453 prodiit
689 2414 809 2439 auno
851 2415 1050 2441 muccct.
1103 2402 1277 2441 Tertius
1303 2409 1472 2454 tomus,
1505 2416 1603 2442 sex-

284 2468 400 2517 ium,
421 2463 660 2518 septimum
681 2471 980 2518 octavumque
999 2465 1169 2507 librum
1191 2467 1599 2521 comprehendens,
