1732 2951
263 170 423 203 XXXVI
628 151 1215 203 PRAEFATIO.

266 283 354 320 que
376 267 492 308 diem
519 267 630 307 mihi
660 280 910 307 concessam
940 265 1240 308 Creuzero
1265 266 1431 318 debeo,
1460 271 1502 305 et
1528 264 1584 306 il-

263 334 413 375 lustris
451 336 478 373 S
494 349 515 373 c
536 349 560 373 u
580 348 604 372 13
623 347 645 372 L
662 347 684 372 L
698 348 722 372 E
739 347 791 372 ns
806 347 832 371 H
849 346 872 370 E
891 346 922 370 M
940 346 955 371 1
971 346 984 370 1
1020 330 1254 370 beneficio.
1313 333 1584 372 vetustatem

264 400 360 441 eius
405 415 542 452 quum
585 399 680 451 ipsa
722 398 1082 437 membranarum
1122 396 1320 436 conditio
1368 399 1584 451 decimat,

261 473 358 507 ium
375 466 584 518 antiquus
604 465 847 517 scripturae
866 465 1096 513 modulus3
1120 462 1180 502 ita
1200 463 1381 514 quidem
1399 471 1446 503 ut
1462 478 1586 517 pror-

263 547 337 574 sus
358 533 468 572 mihi
491 533 695 572 videatur
715 531 834 577 idem
862 531 956 584 ipse
979 533 1127 570 Codex
1151 545 1264 581 esse,
1298 530 1422 571 cuius
1443 533 1584 572 Bern.

264 599 319 638 de
350 593 671 653 JWonffaucon
703 595 751 635 in
781 595 994 635 Biblioth.
1016 594 1329 634 Bibliothecar.
1355 596 1407 635 T.
1427 597 1461 634 Ι.
1481 609 1583 650 pag.

265 677 359 715 414.
379 678 422 702 D.
443 664 511 703 his
533 663 680 703 verbis
701 662 930 702 meminit:
965 662 1127 704 Codex·
1146 664 1329 718 elegans
1351 664 1412 704 X.
1437 660 1585 703 seculi

265 729 675 771 membranaceus:
710 727 955 770 Herodoti
995 728 1265 769 Historiae.
1329 731 1429 769 Esse
1467 731 1588 770 hunc

266 797 480 836 Codicem
503 811 558 837 ex
581 798 737 836 eadem
763 810 862 836 cum
885 797 1023 837 Pass.
1043 796 1155 836 Ask.
1176 803 1216 836 el
1240 797 1364 837 Med.
1386 796 1584 850 familia,

266 878 291 903 e
322 864 610 904 Lectionibus
641 877 748 915 quas
781 862 887 902 inde
914 864 1186 915 protulimus
1221 863 1351 903 facile
1389 865 1586 916 adparet.

267 932 360 970 Nec
389 944 498 970 vero
532 945 555 970 e
592 926 805 971 Mediceo
843 930 1088 984 descriptus
1118 937 1211 983 est,
1259 945 1360 971 cum
1398 945 1488 983 quo
1529 933 1585 971 de

265 996 525 1049 principatu
561 996 694 1036 eliam
733 996 913 1037 videtur
952 1000 1219 1037 contendere
1257 1011 1409 1050 possc3
1448 999 1525 1037 sed
1561 1011 1586 1038 e

265 1063 509 1103 vetustiore
532 1064 655 1103 sonte
676 1064 899 1104 derivatus
922 1066 1085 1117 probas
1109 1066 1269 1105 multas
1291 1064 1481 1118 praefert
1502 1065 1585 1105 Le-

267 1129 459 1183 ctiones,
498 1131 579 1171 ubi
607 1138 682 1172 aut
710 1130 758 1170 in
791 1131 904 1171 vitio
936 1133 1087 1171 haeret
1119 1132 1368 1185 Mediceus‚
1405 1138 1480 1172 aut
1504 1130 1586 1172 ubi

266 1196 384 1236 nihil
415 1202 531 1237 certe
564 1211 589 1236 a
616 1197 852 1237 Gronovio
884 1212 907 1237 e
935 1198 1062 1238 Med.
1092 1199 1316 1250 prolatum
1347 1204 1431 1251 est,
1461 1199 1585 1250 quod

267 1277 294 1304 a
321 1261 469 1304 minus
502 1265 645 1317 proba
675 1264 916 1317 scriptura,
955 1278 1070 1316 quae
1107 1264 1218 1304 olim
1256 1266 1435 1320 vulgata
1472 1270 1585 1317 erat,

266 1329 476 1371 discedat.

1300 2473 1590 2517 VARIETAS
