1732 2951
485 242 1022 292 PRAEFATIO.
1295 260 1416 290 xvn

92 355 372 414 pariterque
401 353 746 411 infelicissimi,
786 361 840 396 ut
870 352 972 395 eius
1003 353 1069 394 ad
1084 354 1421 407 posteritatem.

107 422 349 466 industria
379 437 486 462 cum
515 423 656 462 laude
678 427 993 478 propagetur.

171 534 345 576 Amen
390 530 644 574 consilium
680 534 753 571 Io.
794 533 952 571 Corn.
1001 528 1064 570 de
1099 528 1286 581 Pauw‚
1328 529 1424 570 Vir

102 615 271 656 graece
302 597 633 644 doctissimus,
659 597 742 637 sed
764 593 843 636 sui
861 608 1040 649 semper
1068 591 1290 642 arbitrii,
1326 611 1426 635 atn-

98 664 407 722 pleoeussuit.
465 662 670 706 Unicum
703 659 780 702 illi
809 665 891 702 Th.
922 658 1053 702 Galei
1082 660 1239 719 adsuit
1276 677 1426 702 exem-

99 733 240 786 plum
269 741 314 773 et
340 728 493 772 animi
521 724 1058 781 incitatioris'inpetus,
1088 726 1225 768 cuius
1245 743 1331 782 ope
1351 745 1427 770 sa-

110 797 307 839 lehrosis
328 796 546 837 Herodoti
572 792 687 835 locis
707 792 988 834 medicinam
1010 808 1103 847 pro
1134 792 1428 853 virilifecit,

108 863 342 905 salubrem
367 878 503 916 saepe
532 870 578 902 et
602 859 906 914 probabilem.
959 860 1054 903 Cui
1087 860 1270 908 labori,
1303 863 1433 915 quod

113 930 371 971 observasse
400 924 708 975 reminiscor,
741 926 917 968 iuvenis
947 929 1199 969 admodum
1216 958 1229 975 ,
1251 938 1296 969 et
1318 937 1431 970 ante

111 996 336 1038 vertentis
355 993 503 1037 seculi
521 1011 698 1036 annum
721 1010 815 1037 XV.
839 991 1112 1053 invigilavit.
1145 994 1295 1037 Nulla
1318 994 1431 1037 hinc

110 1061 243 1115 apud
263 1077 366 1102 eum
388 1058 438 1102 in
460 1063 820 1120 Lugdunensem
846 1060 1073 1101 editorem
1095 1060 1428 1113 [Gronovium]

109 1126 486 1175 animadversio,
517 1129 649 1169 nulla
668 1125 872 1168 eiusdem
908 1129 1034 1174 laus,
1064 1129 1195 1168 nulla
1224 1127 1432 1177 mentio,·

110 1208 140 1233 a
174 1209 292 1246 qua,
325 1195 432 1235 bene
459 1193 503 1235 si
532 1194 667 1234 illum
701 1192 832 1241 novi,
867 1192 961 1234 sibi
982 1208 1077 1234 non
1104 1203 1432 1247 temperasset,-

110 1275 254 1314 neque
292 1276 321 1302 a
359 1277 429 1301 me
469 1255 776 1307 dissentient,
818 1257 900 1314 qui
925 1256 1236 1316 familiarius
1276 1257 1432 1314 ipsum

112 1325 338 1380 variaque
379 1326 480 1368 eius
520 1326 704 1381 scripta
742 1334 1073 1384 cognoverunt.
1134 1325 1336 1368 Schedas
1377 1326 1434 1367 il-

113 1391 237 1438 lius,
281 1392 617 1434 minutissimis
654 1393 813 1447 pictas
855 1393 1065 1441 litteris,
1108 1409 1285 1435 mecum
1340 1393 1436 1435 Vir

106 1459 459 1513 perhumanus,
480 1469 526 1501 et
545 1459 776 1501 salutaris
806 1459 930 1501 artis
944 1456 1129 1515 peritia
1158 1463 1291 1514 apud
1316 1457 1433 1503 Am-

114 1526 473 1566 stelodamenses
508 1525 724 1573 celebris,
772 1529 836 1568 Io.
875 1530 961 1567 Iac.
997 1529 1154 1568 Ostens
1188 1526 1437 1568 conmuni-

117 1586 252 1631 cavit.
283 1591 599 1649 Conparsuil
624 1594 678 1633 de
712 1594 943 1633 Herodoto
976 1594 1084 1634 bene
1118 1593 1328 1634 merendi
1355 1609 1438 1635 vo·

116 1658 277 1698 luntas
311 1660 383 1698 Io.
415 1660 522 1698 Iac.
554 1659 798 1712 Reiskii‚
834 1655 932 1700 viri
965 1658 1238 1700 clarissimi.
1271 1662 1438 1702 Ductu

115 1718 302 1780 sagacis
338 1733 383 1765 et
407 1723 643 1781 saecundi
680 1723 861 1783 ingenii
895 1723 1272 1773 emendationes,
1305 1727 1437 1768 solli-

117 1789 210 1830 cite
240 1786 568 1847 investigatas,
606 1789 925 1832 Miscellaneis
959 1790 1287 1845 Lipsiensibus
1319 1792 1440 1834 inse-

118 1863 298 1895 ruerat.
327 1855 475 1897 Dedit
507 1855 627 1897 mihi
654 1854 987 1911 perofficiose,
1020 1865 1073 1898 ut
1105 1858 1191 1898 sub
1222 1856 1437 1909 incudem

118 1920 347 1962 revocatis
375 1931 419 1963 et
447 1921 580 1964 varie
608 1937 637 1964 a
657 1939 704 1964 se
737 1921 936 1964 mutatis
971 1921 1046 1964 uti
1072 1922 1260 1972 liceret,·
1289 1941 1442 1980 nuper

120 2002 230 2028 vero
279 1985 452 2029 iterum
496 1985 757 2043 iterumque
808 1988 1064 2031 recensitas
1105 2001 1150 2032 et
1199 2001 1441 2034 correctas

113 2052 307 2107 publice
344 2064 529 2097 exstare
562 2055 718 2097 iussit.
740 2057 800 2110 ³³)
861 2058 1090 2115 Ingratus
1111 2056 1303 2114 sorem.
1343 2055 1442 2100 nisi

123 2118 264 2160 utiles
300 2120 446 2167 mihi,
479 2122 569 2163 etsi
601 2121 790 2176 saepius
830 2122 1155 2168 dissentienti,
1181 2125 1443 2180 profiterer

105 2184 280 2241 ficisse.
330 2186 518 2245 Singuli
543 2187 592 2230 in
633 2188 1021 2254 hocwstudiorum
1050 2205 1219 2247 genere
1245 2201 1441 2249 gustum

123 2253 351 2305 quendam
373 2254 591 2296 habemus
604 2286 621 2303 ,
642 2271 785 2309 neque
804 2258 961 2297 eadem
993 2255 1210 2298 omnibus
1229 2257 1441 2313 sapiunt.

179 2376 232 2429 *)
265 2376 626 2431 [Animadversiones
639 2382 688 2421 ad
708 2386 946 2422 Herodotum.
976 2385 1020 2423 In
1042 2384 1102 2423 Io.
1118 2387 1171 2423 Ia
1182 2400 1231 2422 co
1247 2386 1287 2422 bi
1310 2387 1341 2423 R
1356 2401 1374 2422 e
1386 2389 1397 2422 i
1409 2401 1444 2422 s.-

124 2435 172 2470 ke
191 2432 603 2475 [animadversionum
627 2440 674 2475 ad
692 2443 856 2478 Graecos
872 2445 1068 2479 Auctores
1088 2442 1262 2480 V01.111.
1284 2441 1442 2488 Lipsiae

131 2491 247 2536 1761.
269 2504 352 2541 pag.
381 2495 466 2529 81-
486 2496 576 2531 182.
612 2493 686 2547 S.]

179 2553 339 2609 Praff.
368 2558 415 2597 T.
431 2558 470 2598 J.
486 2559 542 2599 Ρ.
560 2559 631 2599 JJ.
1143 2559 1173 2599 b
