1732 2951
293 230 356 278 82
527 228 959 277 HERODOTI
1004 230 1321 281 HISTOR.
1365 236 1406 282 Ι.

292 341 457 408 ψαντες
480 363 573 410 γαρ
594 366 626 394 οι
619 337 1031 410 “Λακεὸαιμονιοι’
1009 365 1052 400 ες
1079 338 1270 411 idemq,
1297 368 1453 412 χρυσον
1479 342 1612 399 ω’νεον-

293 444 362 475 το,
389 423 432 478 ἐς
452 411 667 486 ἄγαλμα
689 413 938 486 βουλομενοι
956 413 1229 485 χρησασθαι,
1253 444 1370 472 τουτο
1393 446 1439 474 το
1459 447 1523 474 νυν
1538 447 1613 483 της

295 498 602 557 Λακωνικῆς’
581 519 620 547 εν
647 491 842 562 Θόρνακι
866 495 1024 561 ι’δρυται
1048 492 1336 556 Λπόλλωνος·
1373 500 1551 566 Κροῖσος
1566 495 1613 553 δέ

215 592 278 641 70
296 587 383 639 σφι
407 569 664 641 ω’νεομενοισι
700 565 830 625 ἔδωκε
864 572 1035 633 δ’ωτιᾞνην
1106 570 1299 626 Τουτεων
1327 598 1370 627 τε
1393 573 1446 628 ὠν
1471 578 1612 629 εἰνεκεν

294 658 330 704 οἱ
355 645 695 720 Λακεδαιμονιοι
722 674 788 710 την
816 655 1077 719 συμμαχίην
1110 647 1331 714 &sicar-ro,
1362 661 1442 704 καὶ
1475 647 1536 706 ὀτι
1559 659 1612 707 ἐκ

294 753 462 782 παντων
485 724 637 792 σφεας
651 732 871 796 προκρίνας
890 724 1128 790 Ελλήνων,
1156 726 1312 797 αἱρεετο
1330 736 1497 793 φίλους.
1533 740 1612 784 καὶ

294 812 412 860 τοῦτο
438 830 541 875 μεν,
569 809 689 857 αὐτοὶ
719 797 823 858 ’ἔσαν
845 808 999 873 ἑτοῖμοι
1027 810 1366 871 ἐπαγγείλαντι·
1401 813 1520 860 τοῦτο
1543 805 1608 865 δὲ,

294 906 565 953 ποιησαμενοι
598 905 781 979 κρητηρα
817 879 1040 947 χάλκεον,
1070 885 1217 947 ζωδίων
1249 908 1292 937 τε
1329 878 1469 941 ἕέωθεν
1497 883 1613 948 πλη-

294 984 446 1020 σαντες
473 984 564 1028 περι
593 958 642 1013 rox
662 964 832 1024 χεῖλος,
868 968 946 1012 καὶ
976 958 1169 1029 μεγαθεὶ
1188 971 1436 1032 τριηκοσίους
1458 970 1613 1034 oe'cho-

294 1061 396 1106 ρεας
417 1034 633 1105 χωρέοντα
655 1059 786 1102 αγον,
818 1037 938 1106 δωρον
957 1039 1208 1109 βουλόμενοι
1233 1041 1465 1092 οἰντιὸοῢναι
1489 1042 1612 1109 Κροί-

294 1140 373 1187 σῳ.
411 1114 526 1174 οὑτος
554 1141 574 1168 ο
607 1139 752 1183 κρητηρ
782 1120 858 1167 οὐκ
883 1119 1060 1168 α’πίκετο
1090 1121 1132 1176 ἐς
1163 1114 1351 1186 Σαροῖις,
1382 1119 1433 1170 δι’
1466 1125 1612 1177 αἰτίας

295 1191 512 1253 διφασίας
544 1187 790 1259 λεγομενας
813 1186 964 1241 rao-32
1012 1197 1046 1243 οἱ
1064 1188 1143 1260 μὲν
1169 1189 1507 1259 Λακεδαιμονιοι
1534 1189 1610 1245 λε-

294 1290 445 1333 γουσι,
471 1292 527 1326 ως
548 1273 643 1320 επεί
662 1291 706 1319 τε
728 1263 937 1335 α’γομενος
958 1271 1002 1326 ἐς
1023 1292 1105 1327 τας
1126 1268 1336 1336 Σοίρὸις
1314 1294 1332 1319 ο
1352 1294 1497 1337 κρητηρ
1522 1274 1611 1335 ἐγί-

296 1367 376 1397 νετο
412 1342 537 1397 κατοὶ
566 1342 635 1406 τήν
667 1346 868 1413 Σαμίην,
910 1341 1130 1413 πυθόμενοι
1164 1342 1334 1415 Σάμιοι
1373 1351 1610 1399 οἱπελοίατο

297 1420 448 1478 αὐτον,
479 1429 590 1484 νηυσὶ
617 1427 814 1492 μακρῇσι
841 1418 1183 1482 ἐπιπλώσαντες.
1223 1428 1340 1476 αὐτοὶ
1366 1420 1415 1476 δὲ
1441 1419 1612 1491 Σοίμιοι

297 1584 437 1623 quum
471 1569 690 1610 misissent
716 1569 1059 1610 Lacedaemonii
1083 1570 1139 1610 ad
1164 1571 1407 1610 emendum
1430 1583 1611 1623 aurum,

297 1650 388 1689 quo
411 1635 536 1677 usuri
562 1643 685 1676 erant
711 1635 759 1675 in
782 1644 992 1688 statuam,
1023 1637 1137 1675 hanc
1161 1648 1274 1687 quae
1299 1631 1501 1688 Apollini
1529 1649 1612 1688 po-

295 1703 377 1744 sita
405 1718 526 1744 nunc
553 1710 617 1744 est
652 1702 699 1742 in
732 1704 969 1742 Thornace
997 1701 1241 1755 Laconiae7
1281 1703 1467 1744 Croesus
1496 1701 1613 1743 illud

296 1771 480 1811 emturis
508 1772 628 1810 dono
656 1771 849 1810 dederat.
908 1767 1032 1822 (70.)
1061 1770 1211 1824 Quum
1234 1769 1352 1810 hanc
1385 1768 1522 1824 igitur
1552 1770 1612 1809 ob

298 1851 513 1890 caussam,
534 1845 629 1878 tum
648 1838 770 1889 quod
787 1837 908 1890 ipsos
928 1835 1114 1888 reliquis
1134 1835 1343 1876 omnibus
1359 1835 1613 1888 praeferens

295 1904 473 1945 Graecis
490 1903 713 1958 selegissct
738 1903 928 1955 amicos,
959 1903 1212 1942 societatem
1234 1902 1510 1943 admiserunt
1529 1904 1617 1942 La·

297 1969 589 2010 cedaemonii.
629 1973 692 2010 Ac
713 1983 805 2010 non
838 1970 975 2008 modo
1003 1969 1144 2023 parati
1172 1975 1294 2007 erant
1324 1968 1614 2009 denunciauti

298 2037 472 2077 mittere
493 2036 679 2088 auxilia,
704 2050 860 2077 verum
879 2036 1010 2076 etiam
1038 2042 1245 2075 craterem
1265 2048 1454 2075 aeneum
1476 2035 1615 2076 fabri-

298 2105 489 2144 candum
514 2111 725 2145 curarunt
735 2135 746 2157 ‚
778 2103 930 2144 multis
950 2103 1248 2157 imagunculis
1279 2101 1396 2143 circa
1422 2103 1614 2145 exterius

297 2170 472 2211 labium
491 2177 702 2212 ornatum
718 2201 729 2223 ,
761 2184 812 2210 ea
833 2169 1145 2225 magnitudine
1171 2176 1220 2209 ut
1242 2176 1458 2210 trecentas
1484 2183 1613 2223 cape-

297 2242 363 2277 ret
401 2239 670 2291 amphoras,
713 2251 847 2290 quem
883 2238 939 2277 ad
967 2239 1179 2278 Croesum
1213 2237 1450 2288 miserunt,
1489 2238 1611 2277 dono

297 2305 385 2345 hoc
406 2305 537 2345 illum
554 2304 895 2345 remuneraturi.
938 2303 1025 2344 Hic
1053 2318 1161 2344 vero
1188 2312 1326 2345 crater
1342 2305 1499 2344 Sardes
1518 2318 1611 2345 non

298 2369 528 2423 pervenit,
560 2370 686 2410 cuius
703 2370 767 2409 rei
791 2382 937 2410 caussa
960 2371 1199 2423 dupliciter
1221 2378 1439 2410 narratur.
1479 2371 1612 2410 Lace-

299 2436 527 2476 daemonii
549 2437 731 2489 quidem
751 2436 897 2490 aiunt,
919 2450 1058 2488 quum
1086 2438 1242 2477 Sardes
1260 2439 1494 2477 veheretur
1519 2449 1612 2475 cra-

300 2509 366 2544 ter
386 2509 428 2544 et
455 2517 597 2557 prope
617 2505 800 2545 Samum
828 2511 965 2558 esset,
1005 2503 1199 2558 Samios,
1229 2518 1277 2544 re
1303 2503 1502 2560 cognita,
1532 2516 1611 2543 na-

1633 1295 1681 1321 10
