1732 2951
514 240 746 288 LIBRI
795 240 1057 288 PRIMI.
1344 242 1443 301 483

190 354 417 397 Croesum
447 352 494 392 in
528 351 718 405 Lydiam
751 351 951 404 sequitur
974 351 1159 408 Cyrus,
1202 354 1245 391 et
1271 352 1442 405 praelio

135 423 347 464 prospere
368 415 586 462 pugnato,
607 408 654 446 in
677 422 766 459 quo
794 409 984 448 camelos
1006 406 1222 459 equitatui
1248 407 1444 448 hostium

137 465 371 518 opposuit,
400 464 567 504 Sardes
590 463 774 503 obsidet.
795 462 1010 514 (79-81.)
1057 461 1443 509 Lacedaemonii,

136 520 305 560 auxilio
326 518 469 559 vocati
489 533 513 558 a
531 521 713 570 Croeso,
730 532 830 558 cum
850 516 1041 574 Argivis
1059 519 1113 557 de
1137 517 1319 575 Thyrea
1337 531 1443 557 con-

138 578 403 615 tendebant:
431 573 582 614 selecti
604 573 827 625 utrimque
856 572 1039 612 trecenti
1069 572 1252 613 iuvenes
1277 586 1323 613 se
1350 587 1444 612 mu-

138 637 216 670 tuo
237 630 670 678 t1·ucidarunt;unus
696 630 810 668 Laco
827 627 971 667 victor
999 627 1214 669 discessit:
1243 627 1290 667 in
1318 629 1440 668 luctu

137 685 293 740 Argivi
318 698 489 725 comam
513 685 718 736 tondere,
747 683 1087 733 Lacedaemonii
1110 684 1230 722 alere
1254 696 1440 736 comam,

137 748 253 781 tunc·
281 740 476 793 primum
502 739 799 779 instituerunt.
824 736 949 791 (82.)
991 737 1071 778 His
1102 738 1278 780 Croeso
1309 751 1443 791 opem

135 796 292 838 laturis
316 794 571 845 nunciatur,
595 800 770 847 captum
795 794 926 834 illum
955 807 1046 833 esse
1072 806 1097 832 a
1119 794 1264 849 Cyro.
1290 794 1414 843 (83.)

197 852 340 892 BIeles
366 849 475 889 olim
504 863 579 888 rex
602 849 773 902 Lydiae
800 850 1004 895 leonem,
1029 863 1052 888 e
1076 848 1237 901 pellice
1264 855 1439 900 natum,

138 906 253 947 circa
275 903 496 946 Sardium
519 919 696 944 murum
721 904 889 957 portari
908 904 1111 944 iusserat:
1133 911 1257 956 capta
1275 917 1353 943 arx
1379 911 1441 943 est

138 977 191 1002 ex
216 974 266 1000 ea
286 960 401 999 muri
421 968 564 1012 parte,
596 974 709 1011 quae
733 959 1045 1013 insuperabilis
1072 959 1166 1000 visa
1188 966 1291 999 erat.
1315 959 1441 1010 (84.)

138 1013 306 1059 Croesi
330 1014 446 1055 filius
462 1020 630 1067 mutus,
650 1017 779 1055 Persa
801 1015 848 1054 in
868 1022 1036 1067 patrem
1052 1014 1270 1064 irruente,
1292 1014 1440 1054 subito

137 1071 264 1123 loqui
291 1070 449 1122 coepit.
473 1070 597 1122 (85.)
625 1071 854 1116 Croesus,
874 1069 1164 1122 compedibus
1185 1068 1377 1121 vinctus}
1398 1074 1441 1109 et

137 1139 247 1179 rogo
272 1125 526 1177 impositus,
547 1123 738 1166 Solonis
760 1127 1011 1165 recordatus
1031 1132 1106 1164 est.
1125 1124 1251 1178 (86.)
1291 1126 1442 1179 Quum
1478 1167 1480 1169 ,

136 1181 186 1221 in
213 1195 265 1220 eo
290 1188 398 1220 esset
427 1188 475 1221 ut
508 1179 603 1234 igni
629 1188 927 1233 cremaretur,
961 1180 1123 1233 partim
1152 1180 1261 1231 Cyri
1283 1179 1441 1232 poeni-

136 1236 296 1286 tentia,
320 1236 479 1288 partim
506 1235 773 1276 miraculoso
797 1235 958 1287 imbre,
985 1235 1223 1275 incolumis
1246 1241 1442 1275 servatus

136 1298 212 1332 est.
239 1292 364 1344 (87.)
391 1291 564 1332 Colitur
581 1291 785 1333 Croesus
805 1304 830 1330 a
855 1293 973 1344 Cyro
988 1321 999 1342 ‚
1021 1290 1151 1342 eique
1173 1292 1343 1330 bonum
1369 1291 1442 1330 dat

137 1346 388 1387 consilium.
420 1348 517 1397 (88.
547 1348 641 1398 89.)
683 1345 886 1399 Apollini
915 1345 1135 1398 Delphico
1166 1360 1247 1397 per
1275 1346 1442 1400 legatos

138 1404 256 1442 mala
287 1415 364 1441 sua
392 1403 650 1453 exprobrat3
681 1401 759 1452 qui
793 1400 986 1441 vicissim
1020 1401 1088 1441 illi
1122 1399 1442 1440 vaticiniorum

137 1470 320 1497 suorum
348 1455 421 1505 (in
445 1455 514 1496 his
534 1455 677 1507 illius,
704 1469 794 1507 quo
822 1457 1000 1496 mulum
1031 1456 1200 1497 dixerat
1230 1454 1442 1513 Cyrum)

138 1512 284 1551 reddit
309 1510 537 1551 rationem.
566 1511 662 1562 (90.
690 1512 786 1563 91.)
815 1514 1120 1551 Memorantur
1142 1511 1228 1551 alia
1255 1511 1441 1551 donaria

138 1566 324 1606 diversis
336 1566 384 1605 in
402 1565 577 1619 templis
591 1568 789 1607 aCroeso
809 1574 1085 1616 consecrata3
1105 1574 1147 1607 ct
1169 1566 1443 1619 supplicium

140 1623 196 1662 de
221 1621 405 1661 homine
435 1628 650 1668 sumtum,
679 1621 758 1672 qui
785 1621 910 1661 fratri
940 1622 1091 1662 Croesi
1120 1629 1272 1662 contra
1295 1621 1444 1675 ipsum

137 1678 316 1718 faverat.
338 1676 464 1728 (92.)

195 1730 505 1772 Memorabilia
526 1729 727 1788 Lydiae:
756 1731 912 1786 ingens
928 1730 1153 1788 Alyattae
1167 1732 1444 1785 sepulcrum:

137 1786 309 1840 Lydiae
322 1788 521 1839 puellae,
540 1787 788 1826 meretrices
799 1785 1010 1842 {Gygaea
1023 1789 1163 1839 palus.
1181 1787 1292 1838 (93.)
1320 1783 1446 1844 Lydi

137 1841 275 1896 primi
297 1855 455 1882 aurum
479 1847 522 1881 et
552 1849 784 1894 argentum
800 1842 1053 1897 signarunt;
1077 1854 1300 1894 cauponas
1321 1841 1446 1881 insti-

141 1904 339 1948 tuerunt3
354 1896 470 1937 fame
488 1897 646 1949 pressi,
666 1898 796 1938 ludos
811 1897 959 1938 varios
980 1897 1270 1937 invenerunt:
1298 1897 1446 1954 Thyr-

141 1953 285 1993 rheno
306 1954 440 2003 duee,
466 1950 610 2010 Atyis
635 1951 754 2006 filio,
778 1952 1001 1994 coloniam
1026 1952 1074 1992 in
1099 1950 1335 1992 Umbriam
1363 1951 1448 1992 mi-

140 2014 307 2048 serunt.
334 2007 454 2059 (94.)

196 2064 426 2114 Exponere
451 2075 569 2102 nunc
591 2061 847 2115 adgreditur
871 2062 1089 2116 Scriptor‚
1127 2062 1170 2105 C
1182 2061 1267 2102 YR
1278 2062 1358 2103 US
1373 2061 1447 2101 hic

142 2114 357 2170 quisnam
364 2114 553 2174 suerit,
591 2119 669 2170 qui
702 2120 913 2158 Croesum
941 2131 1079 2172 regno
1111 2117 1254 2165 exuit;
1293 2124 1336 2157 et
1355 2130 1447 2170 quo

137 2180 284 2225 pacto
299 2172 444 2213 Asiae
461 2170 659 2225 imperio
666 2171 822 2227 potiti
840 2173 939 2214 sint
951 2173 1216 2215 PERSAE
1231 2171 1320 2225 illi,
1340 2185 1450 2224 quo-

140 2242 242 2268 rum
262 2240 550 2275 successores,
568 2243 706 2280 quum
721 2229 974 2270 universam
988 2228 1193 2283 subigere
1211 2227 1449 2268 Graeciam

143 2283 293 2323 conati
313 2289 473 2334 essent,
505 2283 592 2336 ipsi
626 2284 930 2337 compluribus
952 2283 1241 2325 nobilissimis
1268 2281 1450 2336 praeliis

141 2338 336 2391 superati
357 2351 382 2378 a
403 2339 603 2391 Graecis,
630 2340 750 2393 turpi
776 2339 882 2395 fuga
903 2341 1091 2381 salutem
1111 2339 1159 2379 in
1180 2339 1283 2381 Asia
1309 2336 1448 2378 coacti

145 2400 246 2434 sunt
267 2399 478 2446 repetere.
500 2395 622 2446 (95.)

197 2448 446 2501 Superioris
458 2450 588 2490 Asiae
607 2448 848 2502 imperium
864 2455 1101 2502 postquam
1120 2462 1201 2502 per
1217 2450 1294 2488 520
1309 2459 1450 2486 annos

148 2504 385 2546 tenuissent
401 2504 479 2547 As
490 2502 663 2564 syrii,
678 2506 734 2545 ab
754 2504 823 2547 his
846 2504 982 2558 primi
1006 2504 1263 2545 defecerunt
1279 2499 1449 2547 Medi,

1077 2569 1233 2608 th
