1732 2951
268 171 304 220 4
466 156 894 207 VARIETAS
942 155 1391 206 LECTIONIS

272 272 677 325 quemadmodum,
709 270 788 311 ubi
812 273 840 310 ἔν
868 273 919 321 τῷ
937 271 1088 322 πρώτῳ,
1116 273 1144 310 ἔν
1176 275 1228 323 τῷ
1255 272 1384 324 δευτέρῳ
1410 276 1490 312 eic-
1518 269 1588 312 di-

272 335 396 379 cunt,
430 332 553 378 βιβλίῳ
584 329 655 367 vel
684 328 779 377 λόγῳ
807 325 1079 380 intelligunt.
1130 328 1211 376 At,
1241 327 1454 378 quoniam
1487 329 1587 368 cod.

270 384 397 426 Med.
419 390 460 424 et
480 390 629 423 noster
657 383 714 422 F.
735 380 904 433 aliique
931 380 1023 421 fere
1047 395 1201 422 omnes
1227 381 1348 422 mssti
1368 382 1415 422 in
1435 383 1589 447 singu-

269 441 420 481 lorum
437 437 659 479 Herodoti
672 437 761 477 libr
764 450 894 477 orum
911 436 1225 489 inscriptione,
1239 436 1366 487 juxta
1385 438 1490 479 libri
1501 454 1589 480 nu-

271 509 474 540 merum,
510 493 647 533 ctiam
679 492 957 547 singularum
986 493 1239 532 Musarum
1271 506 1437 533 nomen
1462 494 1586 534 adie-

272 560 391 592 ctum
414 549 697 603 praeferunt,
731 561 785 588 eo
815 546 1061 588 consultius
1093 547 1201 588 duxi
1228 555 1270 588 et
1297 551 1341 588 h.
1363 550 1393 589 1.
1419 562 1588 591 nomen

272 606 404 650 Κλειω,
438 612 480 644 et
513 604 562 645 in
586 603 869 668 sequentium
888 603 1108 643 librorum
1129 603 1276 644 fronte
1309 603 1590 656 reliquarum

273 665 501 702 Musarum
535 660 723 700 nomina
758 666 932 711 tenere,
972 660 1094 710 quod
1130 659 1247 699 etin
1281 660 1590 713 superioribus

272 715 547 758 editionibus
570 714 738 756 cunctis
754 715 874 754 idem
895 714 1065 754 factum
1083 715 1306 767 videmus,
1331 722 1396 768 et,
1419 729 1472 756 ex
1495 729 1588 768 quo

272 772 393 827 typis
414 773 620 826 vulgatus
651 772 908 810 Herodotus
934 777 1020 820 cst,
1043 769 1253 821 frequens
1280 770 1482 812 xirorum
1508 773 1591 812 do-

273 836 446 870 ctorum
468 841 573 868 usus
599 827 659 866 ita
685 826 809 878 tulit,
832 832 905 877 ut,
935 825 1014 865 ubi
1036 827 1183 866 Nostri
1210 828 1360 866 locum
1389 826 1590 879 aliquem

272 886 475 935 laudant,
509 896 592 935 pro
618 895 814 922 ηιιηιειο
838 881 968 934 libri,
1001 882 1191 922 Musam
1211 896 1306 922 eam
1329 882 1590 934 nominant,

273 940 399 980 cuius
418 938 604 978 nomine
623 937 861 990 inscriptus
878 936 994 977 liber
1013 944 1088 977 cst.
1118 937 1327 990 Denique
1345 946 1447 978 sunt
1467 938 1592 978 codi-

273 1010 343 1036 ces
355 1026 367 1047 ‚
390 994 469 1046 qui
486 995 622 1047 paulo
641 993 773 1033 etiam
793 992 1048 1033 uberiorem
1063 992 1200 1045 primi
1213 993 1319 1033 libri
1335 993 1591 1047 inscriptio-

274 1065 376 1090 nem
395 1049 678 1103 praeferunt:
705 1048 846 1088 veluti
873 1056 1023 1089 noster
1038 1049 1119 1089 Pe.
1138 1048 1216 1100 qui
1237 1049 1300 1090 sic
1320 1051 1477 1101 habet,
1493 1052 1593 1100 Ἡρο-

273 1106 372 1147 δότου
398 1108 545 1156 {frog-103⁹
564 1106 689 1155 πρώτη.
719 1104 842 1144 Κλειώ.
871 1105 891 1147 n‘
912 1104 1020 1154 Κύρου
1046 1122 1083 1144 τε
1102 1109 1161 1144 καὶ
1184 1107 1316 1156 Περτῶν
1334 1107 1522 1150 ἧγεμονίοιε
1545 1111 1590 1145 et

274 1162 364 1203 Pd.
383 1160 431 1200 in
457 1174 572 1213 quo,
594 1158 771 1210 Ἡροδότου
801 1161 1062 1209 ‘mmmm-7703
1080 1162 1225 1210 ἱστοριῶν
1253 1162 1274 1204 n‘
1297 1161 1406 1210 Κύρου
1430 1165 1489 1199 καὶ
1506 1169 1591 1211 Περ·

274 1220 339 1256 σῶν
370 1218 544 1261 ἡγεμονία.
576 1219 706 1258 βιβλίον
747 1214 782 1254 οἱ.
819 1214 942 1254 Κλειώ.
977 1215 1241 1254 Generalem
1274 1215 1408 1255 totius
1441 1215 1590 1267 operis

276 1271 456 1311 titulum
483 1269 657 1310 codices
679 1268 970 1321 manuscripti
992 1270 1170 1309 nullum
1191 1270 1284 1309 fere
1309 1269 1590 1323 praeferunt,

276 1327 353 1379 qui
375 1326 422 1365 in
443 1328 530 1366 hoc
550 1324 811 1378 praesertim
837 1338 973 1376 opere
998 1337 1052 1364 eo
1079 1324 1228 1365 minus
1258 1324 1391 1365 etiam
1419 1325 1593 1366 deside-

275 1383 459 1423 rabatur
473 1412 485 1434 ,
510 1382 634 1433 quod
650 1380 695 1419 in
719 1380 817 1432 ipso
838 1379 984 1420 statim
1003 1379 1190 1420 exordio
1215 1388 1257 1420 et
1273 1394 1439 1420 nomen
1457 1395 1592 1423 suum

276 1444 319 1478 et
345 1436 571 1478 scribendi
602 1436 839 1476 consilium
871 1435 1095 1488 professus
1130 1443 1194 1476 est
1223 1443 1391 1476 auctor.
1440 1437 1592 1478 Habet

277 1502 424 1533 tamen
464 1494 604 1532 codex
643 1499 792 1532 noster
830 1491 917 1533 Pb.
956 1492 1209 1544 generalem
1250 1491 1592 1544 inscriptionem

276 1552 413 1601 halle,
451 1547 629 1598 ‘Hfosso'rov
651 1548 914 1597 Ἀλικαρνκσέως
940 1549 1068 1598 ἱστορία
1093 1549 1121 1586 ἓν
1148 1549 1235 1586 ἔννέκ
1252 1549 1453 1593 ‘inuisum-tv,
1485 1548 1510 1588 οἳ
1530 1550 1591 1588 καὶ

276 1605 419 1649 Μούσας
437 1609 548 1643 umet.
569 1602 807 1654 Similique
829 1602 982 1642 codice
1003 1616 1107 1642 usus
1123 1603 1282 1655 Aldus,
1301 1604 1501 1642 eamdem
1517 1617 1594 1658 ge-

276 1660 473 1699 neralem
496 1657 835 1710 inscriptionem
854 1657 1113 1710 particulari
1131 1657 1260 1697 titulo
1291 1658 1486 1711 (Ἱα-τοριῶν
1504 1659 1594 1709 πρώ-

276 1734 328 1757 τη.
355 1713 512 1767 Κλειώ.)
531 1713 778 1766 praemisit:
803 1728 915 1765 quae
935 1712 1166 1765 inscriptio
1188 1727 1326 1765 quum
1341 1721 1514 1766 praeter
1526 1711 1593 1753 rei

276 1769 510 1809 veritatem
543 1777 751 1809 statueret
790 1769 938 1822 ipsum
975 1769 1256 1808 Herodotum
1293 1782 1456 1809 novem
1489 1782 1593 1810 suos

277 1824 576 1865 Historiarum
597 1824 737 1864 libros
760 1838 925 1865 novem
941 1825 1192 1865 Musarum
1211 1823 1470 1864 nominibus
1490 1838 1596 1864 con-

278 1882 506 1920 decorasse
524 1911 535 1932 ,
564 1880 723 1920 merito
739 1880 933 1920 deseruit
958 1893 1055 1919 eam
1075 1881 1228 1919 Henr.
1240 1879 1527 1933 Stephanus,
1551 1887 1594 1920 et

280 1950 382 1976 cum
407 1937 490 1975 hac
512 1935 825 1987 commutavit,
852 1950 984 1987 quam
1010 1935 1290 1986 insequentes
1316 1936 1507 1975 editores
1532 1943 1595 1975 te-

279 2005 418 2031 nuere
438 2022 449 2043 ,
488 1990 667 2042 Ἱ-ἶροδότσυ
704 1994 766 2031 τοῦ
798 1993 1082 2042 ‘Annaeum-&og
1112 1992 1414 2037 (Ἀλικαςνκσ-σῖος
1444 1991 1591 2031 Gron-

289 2049 436 2087 Wess.
461 2053 500 2085 et
516 2060 637 2098 seqq.
654 2048 671 2097 )
687 2049 832 2096 ἱστορία,
855 2046 877 2090 ἢ
890 2048 1036 2093 ἱστοριῶν
1049 2050 1161 2088 βίβλοι
1178 2046 1202 2085 θ’
1217 2047 1482 2096 ἐπιγραφόμενα
1498 2049 1593 2086 Μοδ-

279 2121 350 2142 σοιι.
384 2104 436 2141 In
464 2101 610 2153 primo
633 2100 765 2140 totius
791 2101 938 2154 operis
960 2100 1240 2152 frontispicio
1256 2099 1437 2142 Aldina
1453 2101 1591 2141 editio

279 2158 402 2197 hunc
429 2157 608 2196 tilulunl
636 2156 855 2209 praefert,
885 2155 1063 2207 Ἡροδότου
1098 2156 1195 2200 λόγοι
1223 2159 1329 2201 ἐννέα,
1361 2158 1447 2206 οἵπερ
1474 2159 1594 2196 ἐπικοι-

280 2225 418 2252 λουνται
432 2215 595 2252 Move-ou:
621 2219 714 2251 tum
728 2214 955 2252 Musarum
972 2211 1155 2250 nomina
1168 2225 1294 2262 ‚quo
1317 2211 1474 2250 ordine
1493 2213 1593 2252 vul-

279 2281 338 2322 go
359 2267 577 2307 recenseri
597 2269 764 2320 solent,
791 2269 1102 2321 Mtdponuntur
1124 2266 1170 2305 in
1198 2267 1319 2305 hunc
1338 2267 1548 2306 modum:

390 2326 536 2365 Momm
566 2324 737 2367 ὁνόμκτοι
1034 2322 1133 2363 Mu
1134 2335 1208 2360 val·
1212 2335 1289 2360 um
1311 2335 1521 2363 nomlna.

444 2378 566 2418 Κλειώ.
1105 2375 1228 2418 Clio.

445 2433 611 2483 Εὐτέρπη,
1103 2432 1322 2485 Euterpe·
