1732 2951
468 241 1050 292 PRAEFATIO.
1280 263 1423 293 XXIII

106 372 273 400 annum
297 355 491 411 praefert
513 369 759 397 MDcccnI·
780 355 830 406 *)
861 357 953 396 Nec
983 367 1092 395 vero
1122 355 1178 394 ad
1202 356 1325 395 hunc
1352 371 1424 398 us-

105 440 192 478 que
225 424 345 464 diem
376 423 547 477 prodiit
579 429 760 475 quartus
792 428 964 474 tomus,
996 435 1168 461 nonum
1200 423 1422 462 Herodoti

105 492 272 532 librum
304 505 404 530 eum
437 489 600 530 criticis
629 487 822 529 Editoris
851 488 977 528 Notis
1009 487 1306 538 exhibiturus3
1339 503 1421 529 nec

101 558 299 599 Lexicon
329 558 637 597 Herodoteum
669 557 816 595 lucem
850 554 986 606 vidit,
1031 557 1153 607 quod
1188 568 1234 594 se
1265 570 1423 607 parare

103 625 245 678 copiis
278 622 689 673 instructissimum,
724 628 766 661 et
794 620 1030 661 Reizianae
1064 624 1293 662 Musarum
1326 622 1420 662 edi-

102 692 218 733 tioni
237 705 315 732 sua
335 704 436 732 cura
469 690 768 730 absolvendae
797 687 1077 728 adiecturum
1106 686 1337 741 professus
1357 696 1421 729 est

100 758 160 799 in„
190 757 319 798 brevi
358 754 636 797 praefatione
671 754 820 808 primo
861 760 986 793 tomo
1028 753 1163 794 huius
1207 753 1419 795 editionis

104 823 357 877 praemissa.
863 812 879 834 ⁹

153 959 214 997 IA
227 969 261 996 Μ
285 953 495 1007 quamvisv
514 950 813 1011 Schaqserus,
836 951 1024 1006 perinde
1045 958 1177 1004 atque
1200 951 1413 1001 Reizius,

96 1024 154 1063 ad
175 1021 502 1062 emendandum
530 1033 736 1074 graecum
766 1020 1023 1072 exemplum
1048 1018 1184 1058 nullis
1220 1019 1319 1059 aliis
1344 1033 1418 1059 ve-

98 1095 240 1130 terum
267 1086 473 1127 codicum
507 1085 739 1138 praesidiis
765 1085 1005 1125 instructus
1031 1085 1261 1126 accesserit
1286 1100 1414 1139 prae-

97 1163 301 1207 terquam
323 1168 436 1206 quae
466 1152 840 1208 Wesselingianae
872 1151 1117 1193 offerebant
1149 1153 1416 1206 copiae31a-

94 1236 198 1262 men
235 1227 447 1272 uterque,
483 1218 685 1259 adhibito
719 1232 801 1259 suo
834 1219 1004 1259 iudicio
1040 1219 1221 1271 suisque
1252 1221 1416 1260 doctri—

93 1302 181 1328 nae
218 1294 260 1328 et
295 1286 467 1342 ingenii
499 1284 672 1338 copiis,
716 1285 774 1325 ita
807 1285 897 1326 illis
927 1285 1160 1339 praesidiis
1190 1300 1293 1326 usus
1328 1294 1414 1336 est,

94 1362 164 1407 ut,
206 1360 306 1407 post
337 1352 608 1392 immortalia
641 1352 923 1407 Wesselingii
964 1352 1147 1405 merita,
1186 1354 1306 1392 haud
1336 1366 1413 1405 pa-

96 1436 196 1461 rum
226 1433 375 1460 rursus
409 1420 463 1459 ab
483 1418 552 1459 his
576 1417 683 1471 ipsis
711 1420 962 1460 duumviris
1000 1421 1056 1459 ad
1092 1419 1414 1460 restituendam

94 1485 400 1539 compluribus
439 1484 660 1525 Herodoti
690 1485 799 1526 locis
825 1485 1125 1542 integritatem
1155 1486 1412 1526 sanitatem-

95 1568 182 1606 que
205 1553 340 1593 fuerit
368 1553 594 1595 collatum.
640 1553 818 1605 Itaque,
860 1560 907 1592 ut
931 1555 1122 1594 multum
1148 1552 1310 1607 passim
1331 1567 1412 1606 per

94 1614 311 1657 Reizium
338 1615 536 1668 profeci,
571 1614 634 1655 sic
662 1629 986 1668 saepenumero
1012 1619 1084 1656 vel
1120 1623 1410 1670 praeeuntem

90 1680 390 1739 Schaeferum
419 1683 536 1722 ultro
562 1689 734 1723 secutus
759 1697 881 1735 sum,
912 1685 1007 1736 vel,
1045 1684 1123 1724 ubi
1145 1697 1292 1723 meam
1318 1682 1409 1723 iam

90 1749 379 1801 sententiam,
410 1748 671 1801 priusquam
701 1749 831 1789 illum
856 1752 1158 1803 consulerem,
1190 1750 1408 1791 constitu-

91 1828 179 1858 tam
207 1819 472 1869 habueram,
511 1816 690 1871 gavisus
723 1831 821 1857 sum
858 1833 998 1870 quum
1028 1818 1145 1871 vidi,
1179 1818 1226 1858 id
1258 1818 1407 1872 ipsum

91 1884 345 1925 doctissimo
375 1883 473 1923 viro
506 1883 748 1937 placuisse,
781 1887 903 1937 quod
935 1885 1144 1938 equidem
1173 1900 1280 1938 prae
1309 1900 1406 1928 cae-

90 1950 192 1990 teris
229 1952 498 2003 probassem.
552 1952 614 1990 Ex
651 1950 850 1993 eiusdem
886 1952 1081 1993 Editoris
1122 1952 1403 1993 Praefatione

89 2016 211 2057 iuvat
240 2019 327 2057 huc
351 2016 659 2057 transscribere
686 2032 798 2069 quae
824 2018 901 2059 ille
930 2021 984 2059 de
1014 2018 1233 2059 Herodoti
1265 2019 1404 2060 ionis-

90 2097 186 2136 1ηο,
218 2097 390 2123 mecum
423 2097 603 2137 prorsus
628 2084 928 2130 consentiens,
967 2085 1154 2138 scripsit.
1201 2085 1400 2140 Scilicet,

86 2158 322 2205 postquam
351 2151 573 2204 professus
604 2158 688 2205 est,
728 2165 774 2193 se
812 2152 968 2206 initio,
1010 2163 1153 2206 quum
1182 2151 1400 2207 primum

142 2247 194 2301 ²³)
224 2253 268 2287 In
292 2251 365 2288 hae
394 2251 582 2289 Editione
612 2253 719 2289 liber
765 2252 959 2304 contigit)
994 2255 1044 2291 ad
1075 2255 1308 2303 exemplum
1343 2255 1400 2290 al-

88 2306 259 2355 quintus
278 2319 371 2343 cum
394 2306 525 2343 tribus
550 2319 718 2358 sequen-
766 2309 891 2346 terius
910 2310 1084 2359 expressi
1109 2315 1219 2346 sunt.
1263 2311 1398 2357 Quare

88 2361 197 2399 tibus
213 2363 363 2411 absque
384 2363 472 2399 ulla
490 2364 717 2401 mutatione
762 2364 807 2400 in
829 2371 964 2402 nostra
996 2367 1187 2402 Varietate
1211 2367 1397 2401 Lectionis

87 2413 241 2464 (quoad
270 2417 376 2453 mihi
410 2417 596 2465 quidem,
628 2432 715 2456 am—
764 2425 937 2469 utraque
963 2420 1149 2469 Schaeferi
1176 2422 1285 2456 editio
1323 2432 1395 2468 pro

88 2471 155 2507 bas
186 2473 377 2520 pluribus
401 2474 445 2510 in
477 2474 575 2510 locis
606 2474 716 2512 inter
763 2489 844 2513 una
863 2477 1081 2526 eademque
1101 2477 1285 2514 habetur.

86 2536 126 2561 se
173 2529 449 2577 comparanti,
509 2531 715 2569 observare
