1732 2951
304 195 391 243 IN
428 189 875 241 HERODOTI
911 189 1061 237 LIB.
1099 190 1178 236 ΙΙ.
1306 188 1404 238 ἰ83

84 306 237 362 κριθέων)
265 312 377 359 κριθῶν
406 306 556 349 ΑΓΟῘὶ.
627 307 658 346 l.
681 322 720 358 9.
752 301 853 345 ἄλλοι
887 302 1014 344 Med.
1033 301 1147 343 Ask.
1173 299 1334 342 Paris.
1349 302 1406 342 Β.

84 365 158 419 [et
181 364 259 404 alii
286 361 474 416 Paria]
508 363 609 403 dmm
642 360 789 402 Arch.
822 366 865 399 et
901 359 954 400 V
951 356 1049 398 ind.
1078 365 1119 398 et
1146 357 1209 398 sic
1240 357 1405 397 iterum

82 421 224 474 paulo
242 419 444 458 inferius.
459 442 506 448 -—
537 419 562 468 ᾧ
581 417 671 456 ”λλοι
693 415 934 466 utrobique
957 417 1028 454 ed.
1056 414 1163 453 Alci.
1183 419 1225 453 et
1249 412 1405 465 Steph.

85 473 187 515 ὧλλοι
210 477 309 515 11.1.
335 475 393 514 F.
419 475 498 514 sed
517 486 623 511 mox
643 472 748 512 dein
773 468 889 511 ὧλλοι.
955 471 985 509 l.
1018 483 1079 509 10.
1107 470 1213 519 ζόην)
1249 468 1328 516 §aim
1353 467 1409 506 F.

84 532 215 571 male.
289 531 319 569 l.
350 544 413 568 ιι.
436 529 500 574 τοὶς
520 531 576 576 ζει
591 528 642 573 οὶς
667 535 753 568 ete.
782 557 809 579 ‚‚
823 525 1049 580 Excerpsit
1069 521 1337 565 Erocianus
1358 522 1407 562 in

84 587 314 637 Μπεξέτεροι,
340 591 383 624 et
403 584 607 623 Galenus
631 582 679 621 in
705 581 945 635 Hippocr.
972 596 1016 634 p.
1038 584 1131 623 312.
1162 581 1212 619 T.
1242 579 1327 630 IV,
1358 577 1408 617 in

86 638 235 682 Basil.
263 648 304 680 et
319 640 363 682 C
365 635 568 679 karterii
589 637 708 678 edito
732 638 847 678 mire
866 637 1048 677 vitiosus
1061 665 1072 685 ‚
1094 637 1172 676 sed
1191 633 1317 674 facili
1334 647 1407 673 au.

84 696 196 737 xilio
226 697 460 735 curandus.
499 694 586 742 ξειοὶς
609 693 757 734 Arc-h.
779 694 1011 745 quomodo
1040 693 1179 732 Erot.
1208 696 1250 730 et
1273 690 1408 729 Gale-

86 750 220 792 nus-‘⁶
252 753 377 791 Haec
408 752 562 789 WEss.
584 749 662 800 qui
687 751 791 798 ξεοὶς
818 747 959 788 edidit
987 761 1090 787 cum
1117 745 1217 786 aliis
1240 746 1342 785 edd.
1366 749 1409 784 et

80 805 244 847 mssfis.
273 808 363 847 Nos
379 803 576 845 ionicam
596 804 792 845 formam
809 802 1107 849 restituimus,
1141 815 1275 853 quam
1305 814 1420 845 cum

86 876 166 902 ms.
185 861 333 904 Arch.
358 862 414 900 ab
433 857 675 901 Erociano
698 867 740 901 et
763 859 941 900 Galeno
959 864 1182 899 servatam
1204 870 1296 897 esse
1313 855 1410 908 ipse

94 918 239 957 W'ess.
258 916 448 956 monuit.
476 918 782 968 Eamdemque
807 923 980 955 veteres
1001 911 1290 954 Grammatici
1313 924 1409 951 om-

86 986 165 1012 nes
186 973 469 1012 adnotarunt.
533 972 562 1011 l.
596 985 657 1012 ια.
680 974 806 1023 φυρῶσι
829 972 871 1011 ro*
891 976 951 1017 μὲν
972 977 1058 1010 etc.
1098 967 1212 1009 Citat
1237 966 1409 1007 Strabo

85 1028 231 1068 XVII.
257 1042 304 1081 p.
332 1042 451 1079 1179.
484 1029 557 1079 [p.
581 1029 659 1069 823
685 1034 796 1067 extr.
821 1027 891 1066 ed.
917 1023 1039 1078 Cas.]
1106 1024 1137 1063 l.
1169 1026 1232 1063 13.
1266 1027 1325 1062 κοιὶ
1350 1022 1410 1064 riv

80 1083 187 1131 οιόπρ.
210 1085 320 1134 olymp.
357 1083 562 1136 Quatuor
587 1084 696 1122 haec
723 1096 816 1122 non
838 1080 947 1136 legit
978 1079 1148 1126 Valla,
1184 1084 1227 1117 et
1251 1079 1412 1118 desunt

85 1138 232 1177 Arch.
261 1138 314 1179 V
311 1136 410 1178 ind.
427 1160 480 1167 -
503 1144 545 1178 et
561 1138 650 1179 Pd.
679 1140 846 1178 Forsan
868 1136 979 1177 olim
997 1141 1101 1189 post
1124 1136 1326 1184 οέναιρέοντοιι
1349 1147 1408 1172 re·

82 1193 225 1245 petita
248 1194 511 1247 legebantur
538 1195 674 1233 verba
695 1197 775 1244 τῇσι
802 1197 916 1243 χερσὶ,
947 1204 1038 1244 quo
1061 1188 1237 1231 facilius
1264 1202 1410 1228 errare

82 1256 331 1300 potuerunt
353 1248 531 1289 librarii
561 1248 641 1301 qui
664 1247 976 1302 praecedentia
1002 1244 1409 1300 praetermiserunt.

87 1303 118 1342 l·
155 1307 218 1344 13.
236 1305 282 1344 τοὶ
307 1301 452 1357 αἰδοῖα)
474 1305 521 1345 τοὶ
550 1303 581 1345 δὲ
603 1303 714 1345 οιῖδοῖοι
734 1303 843 1344 Ask.
915 1304 945 1342 l.
979 1316 1043 1354 17.
1070 1300 1234 1354 κρίκους)
1259 1302 1411 1350 κρίσι-κους

88 1358 210 1398 idem
239 1358 350 1399 Ask.
430 1360 461 1399 l.
491 1373 555 1412 19.
588 1362 776 1408 λογίζονται
801 1356 986 1411 ψήφοισι)
1025 1359 1160 1398 Deest
1190 1352 1410 1408 posterius

88 1415 347 1456 vocab-Pc-
412 1415 444 1453 I.
464 1426 531 1455 22.
552 1417 622 1455 ἐπὶ
645 1413 764 1460 δεξιοὶ
787 1412 937 1467 ποιέειν)
959 1417 1012 1454 ἐπὶ
1033 1412 1088 1453 τοτ’
1114 1412 1205 1459 δεξιοὶ
1232 1412 1276 1450 h.
1292 1411 1325 1450 l.
1342 1410 1409 1456 uti

87 1483 223 1523 supra
248 1484 351 1510 cum
368 1470 470 1511 aliis
491 1471 627 1510 edens
645 1471 801 1509 Wtss.
831 1466 1090 1509 adnotavit:
1119 1498 1145 1521 7,
1159 1466 1413 1507 Articulum

88 1538 183 1566 non
203 1527 337 1566 hahet
368 1525 517 1568 Arch.
534 1524 631 1556 “—-
666 1523 817 1576 Atqui
845 1538 930 1565 nec
956 1525 1091 1565 habet
1118 1523 1328 1564 eumdem
1353 1522 1411 1564 17*-

88 1594 173 1621 nec
194 1577 546 1622 Parisiensium
569 1581 688 1621 ullus
703 1611 714 1632 ,
737 1594 818 1620 ncc
848 1593 962 1633 opus
987 1586 1079 1619 erat
1103 1585 1152 1619 ut
1181 1574 1257 1617 hic
1283 1591 1412 1628 repe-

85 1643 274 1686 teretur3
296 1650 434 1688 quare
453 1650 558 1677 eum
580 1635 728 1676 delevi
755 1650 858 1676 cum
875 1631 1059 1693 Schaef
1099 1636 1153 1675 In
1167 1634 1255 1676 Pb.
1269 1639 1310 1673 et
1322 1633 1411 1675 Pel,

86 1692 297 1732 scribitur
316 1691 549 1739 ἐπιδέξια,
569 1691 617 1731 id
633 1697 696 1732 est
714 1692 906 1738 dextr&
931 1698 973 1730 et
989 1689 1092 1731 dein
1116 1693 1409 1742 ἐπαρίστεροι,

87 1745 298 1788 sinistre.
368 1748 400 1786 l.
421 1751 488 1788 23.
518 1747 698 1793 διφασίοισι
719 1747 783 1799 δὲ)
812 1749 946 1787 Abest
967 1744 999 1785 δὲ
1026 1746 1085 1786 R

149 1802 289 1844 CAP.
310 1801 582 1843 XXXVII.
600 1801 708 1844 Lin.
725 1815 762 1842 2.
782 1800 931 1843 τοιοῖσιδε
946 1802 1082 1848 edens
1097 1802 1248 1841 WEss.
1270 1799 1413 1839 adno-

86 1858 220 1898 tavit:
251 1857 363 1911 „Sic
383 1858 508 1898 Med.
532 1858 644 1899 Ask.
665 1859 800 1899 Pass.
833 1855 1021 1908 Reliqui
1048 1855 1305 1897 τοίοιο-δε.“-
1336 1856 1414 1894 At-

91 1913 171 1965 qui
188 1911 396 1954 τοιοισίδε
420 1927 475 1953 ex
507 1912 631 1955 Med.
654 1913 853 1954 ediderat
875 1913 1022 1953 Gron.
1044 1918 1089 1951 et
1116 1911 1179 1951 sic
1205 1909 1414 1962 rescripsi

87 1983 192 2008 eum
208 1965 389 2024 Schaegf}
412 1976 455 2010 et
471 1968 621 2010 Borlz.
649 1971 703 2009 In
724 1970 794 2009 ed.
814 1967 922 2008 Ald.
941 1974 985 2008 et
1004 1965 1161 2020 Steph.
1189 1979 1297 2006 vero
1317 1978 1412 2005 non

90 2023 226 2064 roim-82
254 2023 485 2078 scribitur,
514 2026 592 2066 Sed
610 2023 800 2065 τοιοῖσδε
816 2052 827 2069 ,
853 2030 896 2064 et
920 2023 984 2064 sic
1008 2022 1057 2062 in
1076 2024 1132 2063 F·
1156 2029 1197 2062 et
1215 2023 1304 2064 Pa.
1330 2034 1413 2061 nec

90 2080 227 2120 male.
292 2078 363 2120 [ὖ.
391 2083 428 2120 ἐκ
445 2083 602 2135 χαλκέων
621 2098 700 2120 ποτ.
725 2077 828 2133 στιν.)
859 2078 1031 2132 Adtigit
1048 2077 1216 2118 Athen.
1238 2077 1317 2117 lib.
1333 2078 1414 2118 VI-

90 2148 137 2188 p.
159 2136 324 2175 231.D.
391 2136 422 2175 l.
446 2140 486 2176 3.
516 2135 800 2180 διασμέωντες
820 2134 930 2175 Ald.
956 2130 1117 2176 Paris.
1135 2134 1194 2174 A.
1225 2132 1413 2187 [Noster

92 2190 179 2230 Pe.
201 2204 303 2230 cum
319 2190 405 2231 Pb.
421 2189 540 2243 Pd.]
571 2191 700 2230 Rem.
722 2191 766 2230 V
771 2188 868 2230 ind.
900 2186 1014 2244 [F.]
1041 2188 1246 2236 διασμῶντες
1263 2187 1413 2231 Arch-

92 2246 220 2286 Med.
247 2245 428 2286 Ask.-—
455 2245 741 2291 διασμέοντες
759 2246 850 2286 Ρα.
926 2245 997 2286 Ib.
1026 2242 1178 2298 ἡμέρην)
1212 2245 1271 2286 ‘niv
1294 2245 1413 2293 ιῖμέρκν

92 2302 151 2342 F.
215 2298 339 2342 Ibid.
364 2303 440 2342 οὐκ
462 2303 480 2342 o‘
504 2298 597 2354 μὲν)
619 2300 692 2340 Sic
716 2302 879 2341 Ionum
904 2313 1031 2341 more
1054 2301 1110 2342 F.
1142 2306 1193 2340 ut
1218 2300 1286 2339 ed.
1306 2298 1413 2340 Sch.

94 2363 138 2396 et
158 2356 306 2397 Borh.
335 2357 508 2397 Caeteri
523 2358 661 2411 vulgo
682 2358 750 2404 οὐχ
772 2358 790 2398 ὁ
810 2359 882 2403 μέν.
943 2357 973 2396 l.
994 2358 1032 2395 6.
1055 2354 1325 2406 καθαριότητος)
1340 2353 1413 2393 Sic

95 2412 152 2452 F.
173 2425 274 2451 cum
295 2412 409 2453 aliis.
436 2413 688 2464 καθαρειότητος
714 2413 802 2453 Ρα.
819 2413 903 2454 PC.
971 2411 1042 2455 [ᾖ.
1063 2412 1314 2461 προτιμῶντες)
1336 2426 1412 2458 ’,τρι-

95 2470 268 2514 τιμέωντες
280 2469 336 2509 [Γ.
394 2469 426 2508 l·
442 2483 483 2524 7.
503 2466 702 2527 ξυρεῧντοιι)
716 2469 876 2520 ξυρῶνται
892 2464 1041 2510 Arch.
1057 2465 1167 2507 Ask2
1226 2465 1257 2507 l·
1272 2478 1313 2517 9·
1328 2464 1413 2510 wir}
