1732 2951
544 237 1086 288 PRAEFATIO.
1394 255 1481 288 vn

165 346 277 397 mihi
314 344 448 394 suerit
491 351 800 406 propositum,
837 350 1055 391 ridiculus
1099 349 1184 391 sim
1226 349 1408 404 utique,
1446 352 1483 392 si

165 418 332 460 cunctis
365 416 411 456 in
442 415 581 469 locis,
614 429 728 468 quae
755 412 1059 455 difficultatem
1091 415 1257 454 habere
1284 413 1483 466 aliquam

165 485 399 536 videntur,
431 497 511 523 acu
535 483 689 534 (quod
713 481 871 534 aiunt)
899 495 993 521 rem
1018 480 1210 535 tetigisse
1239 479 1352 520 mihi
1382 495 1483 533 per-

164 554 400 601 suadeam3
436 549 514 602 qui
539 561 861 602 saepenumero
893 547 1011 600 ipse,
1048 547 1158 598 quid
1192 548 1482 600 adoptarem,

167 619 277 672 quid
313 630 604 671 seponerem,
646 614 966 655 incertissimus
1005 616 1260 654 haeseram:
1303 616 1483 654 abunde

166 684 282 725 mihi
320 682 578 740 gratulandi
611 681 693 722 erit
732 681 941 728 materia,
979 680 1016 721 si
1051 680 1215 721 maiori
1249 695 1301 720 ex
1337 688 1482 734 parte,

167 757 211 791 et
239 750 308 791 his
341 749 524 802 quidem
562 748 757 788 maxime
791 748 840 788 in
872 748 982 789 locis
1011 762 1123 799 quae
1156 754 1258 788 sunt
1293 746 1483 800 potioris

167 816 397 856 cuiusdam
429 815 672 869 momenti,
709 818 946 856 doctorum
976 814 1147 855 iudicio
1176 813 1388 856 Virorum
1418 827 1484 854 sa-

165 880 385 922 tisfecero.

219 1014 299 1052 DE
325 1012 497 1053 ratione
518 1026 655 1065 quam
675 1013 722 1053 in
752 1013 1062 1054 constituendo
1090 1025 1248 1068 graeco
1274 1012 1481 1064 exemplo

163 1077 257 1119 sive
286 1087 521 1132 contextu,
552 1095 686 1132 quem
718 1082 854 1136 vulgo
890 1088 1075 1132 vocant,
1119 1088 1292 1120 secutus
1323 1080 1482 1118 WES-

164 1147 535 1188 SELINGIUS
568 1153 650 1197 est,
682 1147 745 1187 sic
769 1147 864 1201 ipse
886 1147 966 1189 Vir
997 1149 1153 1186 doctus
1183 1145 1412 1199 exposuit:
1431 1147 1482 1198 ²⁹)

163 1213 242 1252 Ex
275 1204 471 1265 scriptis
514 1211 772 1255 Codicibus
805 1212 966 1254 Ionici
1003 1211 1263 1258 sermonis,
1300 1211 1483 1266 quoties

163 1273 327 1322 licuit,
344 1273 565 1332 sormam
594 1284 639 1317 et
666 1275 989 1317 habitudinem
1016 1274 1270 1334 reformavi
1278 1292 1291 1323 ,·
1328 1274 1378 1316 in
1409 1275 1482 1316 in-

166 1348 346 1399 tegrum
381 1344 514 1384 nullo
549 1358 636 1385 suo
673 1342 842 1385 merito
874 1341 1174 1397 possessione
1205 1341 1383 1383 deiecta
1416 1358 1484 1382 re-

163 1407 331 1450 sticui:
357 1406 608 1450 innumera
635 1408 814 1451 mendis
851 1409 1070 1457 liberavi,
1102 1411 1185 1451 sed
1200 1408 1485 1464 parcissime

166 1477 220 1517 de
244 1474 543 1526 coniectu-ra,
576 1486 715 1532 atque
743 1477 841 1519 illis
871 1479 1109 1518 clmztaoeac
1136 1475 1186 1518 in
1213 1477 1483 1524 vocabulis,

165 1556 282 1595 quae
309 1541 539 1584 dictionis
569 1542 750 1586 indoles
785 1544 1102 1586 aversabatur.
1147 1545 1253 1596 Qua
1285 1559 1336 1584 re
1364 1558 1483 1584 non-

166 1607 337 1656 nullis,
368 1612 498 1663 quod
521 1619 680 1664 aperte
710 1612 930 1653 mendosa
955 1619 1000 1652 ec
1032 1609 1116 1651 levi
1153 1608 1346 1651 brachio
1372 1625 1484 1651 Con-

168 1673 406 1717 cinnanda
429 1675 726 1731 reliquerim,
753 1677 881 1719 iusto
912 1675 1143 1735 visussui
1169 1676 1383 1718 cautior:
1409 1693 1483 1718 ve-
1542 1713 1545 1715 ,

167 1755 273 1781 rum
303 1740 428 1783 illud
449 1743 626 1793 malui‚·
656 1742 776 1785 satis
808 1745 1003 1791 habens,
1035 1743 1079 1785 si
1111 1744 1177 1784 ad
1200 1741 1483 1785 medicinam

167 1807 247 1849 via
279 1818 644 1852 monstraretur.
657 1813 729 1863 ma)
766 1814 888 1851 Haec
920 1812 1010 1852 ille.
1051 1813 1140 1851 Nos
1175 1813 1338 1864 probas
1367 1814 1484 1851 mul-

166 1882 229 1916 tas
259 1876 510 1931 Lectiones,
552 1893 664 1930 quae
690 1878 836 1918 videri
862 1885 1067 1931 poterant
1093 1880 1212 1918 haud
1235 1879 1336 1919 satis
1368 1886 1484 1918 certa

167 1942 423 1983 auctoritate
442 1958 466 1984 a
485 1945 594 1985 Viro
616 1945 872 1986 doctissimo
893 1953 1118 1999 receptae,
1140 1947 1379 1986 accedente
1402 1960 1485 1986 no·
1544 1978 1550 1979 ff

167 2013 357 2049 strorum
391 2011 608 2052 Codicum
644 2012 899 2053 testimonio
929 2011 1228 2063 firmavimu53
1265 2013 1482 2065 plurimas

165 2073 295 2121 alias,
331 2077 489 2118 abillo
512 2079 749 2132 sepositas,
778 2079 945 2132 partim
975 2093 1096 2118 nunc
1126 2079 1351 2132 primum,
1383 2095 1483 2133 par-

167 2139 246 2180 tim
274 2144 589 2194 praeeuntibus
620 2146 719 2186 aliis
751 2153 854 2186 ante
886 2152 962 2186 aut
993 2153 1093 2199 post
1126 2146 1256 2186 illum
1289 2146 1484 2187 Editori-

167 2206 269 2259 bus,
303 2208 630 2252 vindicavimus
664 2213 865 2262 auctori3
899 2214 1140 2252 nonnullas
1172 2212 1331 2263 etiam,
1360 2213 1482 2252 Wes-

167 2269 357 2326 selingio
380 2287 436 2312 ne
461 2283 730 2317 memoratas
755 2276 937 2329 quidem
952 2307 964 2329 ,
996 2290 1116 2316 nunc
1131 2275 1332 2329 primum
1352 2290 1376 2315 e
1399 2278 1483 2315 Co-

222 2381 273 2432 *)
303 2388 346 2423 In
376 2386 626 2435 Praefationis
650 2396 848 2439 postrema
869 2390 1028 2440 pagina.

225 2438 292 2502 μ’)
320 2444 473 2503 ῌεῐιιρε
490 2444 531 2479 id
550 2446 785 2494 frequenter
807 2447 852 2484 in
873 2446 1186 2484 Adnotationibus
1206 2459 1229 2483 a
1247 2445 1351 2484 Viro
1371 2458 1482 2494 prae-

169 2499 412 2534 stantlssimo
447 2501 704 2547 praestitum.
