1732 2951
306 214 400 255 xx'
674 206 1262 255 PRAEFATIO.

305 318 503 361 territus
526 332 621 360 non
646 326 740 364 est,
768 319 852 358 sed
867 326 1126 369 conmotus,
1157 326 1204 359 ut
1223 319 1404 358 auderet
1424 316 1624 370 uberius‚'

306 401 440 439 quam
466 386 740 439 superiores,
768 391 809 425 et
834 386 1033 426 ornatius
1058 385 1228 435 dicere3
1258 399 1374 438 quae
1394 383 1622 424 Ciceronis

284 453 467 494 ·verba:
496 451 566 505 in)
608 451 818 505 Dionysii
854 460 1035 499 autem,
1065 455 1124 492 οὐκ
1154 453 1392 503 (ἐπετράπετο,
1433 451 1515 490 ἀλλ’
1548 452 1622 490 e'm‘-

304 538 434 561 στευσεν
459 522 570 559 αὐτῶν
595 520 744 570 κρεῖσσᾶν
761 538 793 558 τι
821 521 965 565 {lizia-m.

357 652 506 692 Hunc
548 649 599 690 in
641 650 826 704 finem,
878 659 931 690 ut
979 648 1169 707 singula
1212 646 1540 702 expiscaretur
1571 653 1617 689 et

304 716 550 776 regionum
570 714 692 757 situs
714 724 852 769 atque
874 714 1062 756 habitus
1088 730 1249 756 coram
1279 713 1547 755 intueretur
1574 719 1621 754 et

301 786 596 838 exploraret,
623 781 830 823 taedium
858 797 915 822 ac
946 797 1196 822 aerumnas
1227 783 1392 838 longae
1410 778 1622 838 peregri-

302 847 517 891 nationis
557 861 653 889 non
694 846 939 888 recusavit.
987 849 1219 888 Lustrata
1254 845 1384 887 omni
1419 844 1622 886 Graecia

302 924 348 958 et
371 914 547 970 Epiro,
571 912 762 967 visaque
786 912 1070 954 Macedonia
1094 922 1139 954 et
1173 911 1402 959 Thracia,
1431 911 1480 953 in
1508 914 1621 969 Scy-

304 984 494 1024 tharam
513 982 643 1021 ultra
659 981 839 1021 Istrum
856 989 900 1021 et
913 982 1253 1036 Borysthenem
1270 982 1319 1033 n)
1339 994 1450 1021 oras
1469 988 1621 1019 trans-

303 1048 376 1091 iit.
398 1051 558 1101 Neque
570 1046 758 1088 abAsia
771 1045 1028 1089 abstinuit,
1046 1046 1181 1087 cuius
1198 1055 1456 1103 peragrata
1469 1047 1619 1086 multo

303 1113 511 1157 maxima
527 1122 691 1167 parte,
710 1111 835 1153 adiit
852 1111 1068 1170 Syriam,
1090 1111 1170 1153 ubi
1189 1115 1364 1169 Tyrum
1378 1142 1387 1157 ‚
1402 1113 1448 1165 o)
1468 1113 1622 1153 Phoe-

303 1181 463 1224 nicum
490 1178 834 1222 nobilissimam
858 1180 1041 1225 urbem,
1068 1188 1114 1221 et
1134 1178 1458 1221 Palaestinam
1477 1177 1622 1218 mari-

305 1248 468 1291 timam
494 1247 549 1301 p)
575 1245 785 1300 inspexit
804 1245 1068 1303 diligenter.
1107 1245 1242 1287 Hinc
1262 1245 1543 1286 conmodum
1569 1242 1620 1284 in

301 1314 571 1369 Aegyptum
607 1309 699 1350 iter
723 1326 738 1357 ‚·
782 1325 918 1363 quam
968 1309 1149 1351 visendi
1189 1308 1453 1362 cupiditate
1491 1309 1622 1348 ober-

303 1394 458 1426 rasse,
494 1380 682 1431 Euterpe
713 1376 940 1431 loquitur.
998 1379 1074 1418 Ex
1095 1378 1312 1435 Aegypto
1344 1374 1393 1416 in
1420 1373 1620 1431 Libyam

303 1442 605 1490 excucurrit,
642 1444 946 1500 Cyrenenque
977 1442 1122 1488 vidit,
1155 1442 1202 1494 q)
1229 1440 1409 1499 forsan
1443 1450 1486 1480 et
1523 1438 1621 1480 alia

302 1509 624 1565 amplissimae
643 1508 852 1567 regionis
874 1511 1065 1563 oppida.
1107 1507 1306 1565 Africae
1331 1508 1388 1548 ab
1401 1508 1622 1564 Aegypto

303 1579 370 1619 ad
391 1575 782 1632 promontorium
818 1577 1083 1617 Soloe'ntem
1117 1574 1329 1616 sollicita
1360 1572 1619 1626 descriptio

304 1652 350 1685 et
365 1641 521 1684 crebri
540 1657 644 1682 cum
659 1641 1136 1699 Carthaginiensibus
1158 1639 1310 1681 habiti
1329 1654 1563 1681 sermones
1579 1639 1622 1692 r)

306 1711 394 1751 hoc
419 1716 615 1763 possent
638 1710 923 1762 persuadere
941 1738 950 1749 ,
979 1723 1120 1761 neque
1145 1707 1298 1748 valide
1326 1716 1494 1747 tamen.
1540 1706 1621 1746 An

303 1776 595 1833 Babylonem
623 1783 667 1815 et
700 1772 961 1814 uberrimos
988 1772 1088 1813 eius
1116 1788 1258 1830 agros
1281 1769 1519 1813 inviserit,
1549 1786 1622 1811 ve-

306 1840 381 1883 nit
394 1841 444 1882 in
464 1838 851 1894 disputationem.
899 1839 993 1880 Vir
1013 1839 1339 1881 doctissimus.
1360 1838 1624 1893 DesVigno·

307 1911 398 1960 les,
433 1909 516 1948 sed
542 1908 794 1947 Herodoto
829 1905 1039 1959 saepius,
1082 1921 1219 1959 quam
1249 1920 1344 1959 par
1373 1913 1496 1945 erat.
1527 1903 1622 1944 ini-

307 1972 471 2028 quior,
492 1987 544 2014 eo
560 1971 828 2029 projectum
850 1972 1136 2012 vehementer
1158 1970 1417 2027 infitiatur.
1437 1969 1476 2022 s)
1510 1971 1624 2010 Non

308 2055 424 2097 nego
440 2070 451 2086 ,
489 2040 616 2092 quod
657 2037 731 2079 illi
769 2037 990 2091 opinioni
1027 2036 1240 2079 obtentui
1259 2036 1393 2096 suit,
1433 2034 1624 2078 itineris

307 2105 594 2164 Babylonici
617 2103 886 2146 districtam
905 2120 933 2144 a
958 2104 1112 2145 Musis
1141 2104 1422 2146 mentionem
1453 2103 1623 2144 abesse.

308 2174 378 2215 At
396 2181 508 2214 sunt
530 2173 584 2212 de
601 2170 846 2212 verissima
868 2172 1024 2224 Ampl.
1045 2172 1256 2212 Bouherii
1278 2175 1314 2225 t)
1342 2167 1625 2212 observatio·

363 2295 422 2343 m)
441 2297 600 2333 Orator.
618 2309 727 2332 c.12.
783 2293 826 2342 n)
845 2295 942 2331 Vid.
996 2297 1067 2331 16&
1098 2302 1170 2333 etc.
1198 2302 1236 2333 et
1262 2295 1368 2333 ibid.
1392 2307 1478 2342 cap.
1495 2292 1560 2337 45.
1582 2297 1623 2330 et

310 2353 385 2389 lib.
399 2354 528 2388 1V.81
551 2358 623 2388 etc.
681 2349 719 2397 o)
757 2351 877 2387 Libro
895 2352 943 2387 ΙΙ.
997 2352 1083 2401 ¹95·
1140 2353 1227 2397 ms).
1332 2350 1376 2398 s)
1423 2349 1617 2387 Chronol.

315 2417 382 2453 44.
441 2405 482 2456 p)
507 2407 941 2444 Lib.111.5.e211.106.
989 2407 1062 2443 lib.
1088 2398 1230 2450 nis,
1261 2407 1297 2443 5.
1329 2412 1369 2442 et
1393 2406 1464 2442 vl.
1487 2404 1522 2447 5,
1556 2417 1621 2441 10.

313 2460 362 2515 q)
391 2463 483 2501 Lib.
499 2464 546 2499 ΙΙ.
566 2464 655 2499 ιὸι.
713 2468 748 2510 r)
769 2462 944 2499 Libdv.
991 2462 1021 2511 t)
1050 2463 1216 2500 Dissert.
1241 2461 1386 2499 Herod.
1403 2473 1488 2508 cap.
1511 2472 1541 2496 ι.
