1732 2951
675 219 1260 271 PRAEFATIO.

298 330 554 373 Herodoto
600 333 881 372 recensendo
926 347 1118 373 manum
1157 333 1438 377 admovisset
1456 365 1468 381 ‚
1504 335 1629 379 hanc

299 396 395 438 sibi
413 400 553 456 legem
574 396 848 451 scripsisse,
882 407 935 439 ut
953 398 1164 452 eaepulsis
1170 398 1356 456 formis
1377 403 1629 444 verborum

301 463 654 508 communibus,
691 463 834 505 etiam
870 472 969 505 tum
1012 480 1118 506 cum
1158 466 1341 509 codices
1385 477 1629 518 tacerent,

300 529 488 572 ionicas
530 528 791 582 sufficeret,
837 546 1031 585 eumque
1070 546 1247 574 morem
1289 532 1340 574 in
1367 533 1624 588 prioribus

290 596 506 655 plagulis
534 595 765 638 tenuisse.-
795 599 928 643 haec,
957 598 1168 651 inquam,
1200 608 1435 652 postquam
1458 603 1628 654 profes-

298 679 371 706 sus
400 672 483 714 est,
518 664 581 705 sic
614 664 807 705 scribere
835 665 1007 720 pergit:
1040 667 1134 706 Sed
1161 681 1272 707 moa:
1303 664 1522 708 instituti
1554 684 1626 709 me

290 731 543 787 poenisere
567 731 748 786 coepit‚·
774 734 1010 786 planeque
1040 732 1238 791 cognovi
1252 763 1267 781 ,
1295 735 1624 788 Herodotum,

290 799 494 853 perinde
524 815 580 840 ae
613 808 791 841 ceteros
821 796 1081 854 scriptores
1110 816 1333 858 graecos,
1369 799 1624 842 dialectum

298 867 366 907 ad
377 865 743 923 grammaticam
766 869 938 918 dxfa‘sssaxv
966 881 1062 907 non
1087 871 1137 907 εὰ
1161 866 1365 924 exegisse
1391 882 1509 921 quae
1528 869 1625 909 vul-

294 948 358 991 go
388 931 603 974 creditur
626 930 900 974 constantia
926 941 1066 986 atque
1077 933 1415 987 perpetuitate.

299 233 430 267 XXIV

354 1058 389 1096 P
406 1071 430 1095 R
447 1070 461 1095 1
481 1070 508 1096 U
522 1070 541 1096 s
555 1070 581 1103 Q
602 1069 628 1095 U
643 1070 669 1096 A
687 1070 719 1096 m
766 1056 1027 1097 Schaeferus
1067 1056 1223 1096 utilem
1268 1056 1396 1099 istam
1438 1070 1622 1109 operam

302 1125 534 1162 Herodoto
569 1137 731 1162 navare
769 1122 1008 1176 coepisset,
1050 1122 1139 1162 Au
1157 1138 1199 1162 c.
1230 1125 1303 1162 Cn
1321 1136 1450 1163 RIST.
1481 1126 1552 1163 Bo
1574 1138 1622 1164 n-

306 1205 333 1230 n
352 1203 483 1241 1:011,
514 1189 563 1229 in
604 1189 928 1243 Duisburgensi
967 1197 1072 1230 tuuc
1107 1190 1346 1231 Academia
1383 1190 1622 1233 Historiar.

301 1266 344 1298 et
385 1259 510 1308 Eloq.
553 1256 806 1308 professor,
854 1270 1058 1312 graecam
1104 1259 1332 1299 Musarum
1373 1256 1621 1300 editionem

300 1321 574 1381 Lemgoviae
595 1337 714 1363 anno
741 1337 1026 1364 mucctxxxi.
1049 1325 1303 1364 scholarum
1325 1323 1371 1362 in
1398 1338 1525 1363 usum
1551 1331 1621 1378 ty-

300 1392 369 1444 pis
391 1391 729 1430 exscribendam
749 1389 939 1440 curavi13
970 1403 1103 1441 quae,
1124 1391 1503 1441 quemadmodum
1525 1390 1621 1444 ipse

300 1457 347 1497 in
382 1456 662 1497 praefatione
697 1455 824 1496 alteri
861 1455 1050 1496 editioni
1088 1455 1327 1509 praemissa
1359 1455 1621 1511 profitetur,

299 1524 430 1577 quod
459 1523 526 1564 ad
555 1531 765 1576 quatuor
792 1520 985 1575 priores
1018 1520 1166 1563 libros
1196 1520 1389 1573 attinet,
1430 1522 1620 1567 Reizia-

299 1605 430 1634 nam,
456 1588 507 1631 in
528 1587 725 1642 reliquis
753 1587 1181 1646 PVesselingiatzam
1203 1587 1519 1632 recensionem
1542 1605 1621 1632 ex·-

302 1656 515 1703 lubebat,-
546 1659 750 1708 adeoque
786 1656 962 1709 proprii
996 1663 1038 1696 et
1071 1655 1181 1696 novi
1217 1656 1331 1698 nihil
1357 1663 1432 1696 aut
1458 1671 1619 1710 parum

300 1722 531 1765 offerebat.
552 1723 608 1778 ²'·)
650 1723 826 1764 Deinde
858 1736 994 1776 vero,
1026 1723 1257 1763 interiecto
1281 1730 1448 1776 septem
1479 1732 1520 1764 et
1552 1724 1621 1764 vi-

297 1792 412 1847 ginti
435 1805 663 1831 annorum·
678 1789 843 1843 spatio,
880 1804 1018 1841 quum
1037 1789 1481 1831 interimSchaeferus
1497 1805 1621 1843 prae-

299 1861 415 1907 clare
436 1861 490 1898 de
514 1859 748 1897 Herodoto
767 1856 1020 1909 meruisset,
1051 1857 1218 1909 prodiit
1238 1871 1356 1896 anuo
1386 1871 1619 1899 mucccxx.

299 1927 452 1967 altera
481 1925 680 1965 eiusdem
723 1926 754 1963 B
769 1938 794 1963 o
812 1938 836 1963 n
853 1938 880 1962 11
900 1937 923 1962 ε
937 1938 959 1962 c
974 1937 1000 1962 K
1019 1937 1032 1962 1
1049 1937 1063 1962 1
1099 1921 1246 1964 editio
1260 1952 1274 1969 ,
1310 1922 1504 1964 auctior
1537 1924 1617 1978 (ut

298 1993 454 2033 titulus
480 1990 708 2045 praefert)
738 1998 784 2031 et
807 1987 1130 2036 emendatior,
1158 1990 1300 2031 tribus
1325 1991 1514 2032 modicis
1537 2005 1617 2032 vo·

351 2121 398 2170 ²⁴')
435 2122 624 2159 Titulum
663 2121 788 2159 editio
829 2121 901 2157 illa
919 2149 928 2166 ,

295 2179 494 2216 referente
517 2180 688 2215 Harlesio
708 2177 756 2213 ad
777 2177 928 2214 Fabric-

296 2248 336 2283 p.
360 2235 452 2279 344.
476 2232 596 2282 (nam
616 2234 700 2282 ipse
719 2246 799 2269 non
816 2230 929 2279 vidi)

294 2291 406 2326 hune
439 2290 711 2338 praeferebat:
748 2289 930 2325 Herodoti

292 2347 420 2382 Halic.
449 2352 483 2382 et
516 2346 659 2383 etesiae
689 2345 809 2382 Cnidii
838 2358 928 2393 quae

293 2408 423 2438 extant
458 2415 569 2450 opera
611 2408 646 2437 et
680 2398 927 2449 fragmenta,

292 2471 448 2506 graece,
486 2471 530 2493 ex
572 2458 778 2494 recensione
827 2456 927 2491 Petri

295 2514 554 2563 l‘Vesselingii.
616 2513 766 2550 curavit
797 2513 848 2548 A.
885 2511 927 2548 C.

977 2122 1209 2159 Borheck.
1242 2122 1324 2170 Qui
1344 2135 1474 2171 quum
1497 2123 1614 2160 Reizii

979 2189 1150 2223 nomen,
1204 2178 1322 2214 cuius
1376 2179 1612 2226 exemplum

979 2244 1108 2281 presso
1143 2233 1240 2281 pede
1272 2240 1431 2270 secutus
1457 2240 1534 2276 est,
1566 2232 1612 2269 in

980 2289 1104 2325 titulo
1126 2289 1223 2324 libri
1248 2288 1440 2332 tacuerit,
1467 2295 1612 2326 utrum

978 2344 1021 2379 in
1045 2344 1295 2380 Praefationc
1324 2344 1466 2380 saltem
1489 2344 1611 2380 hono.

976 2399 1136 2437 rificam
1169 2399 1293 2436 huius
1317 2399 1421 2444 viri,
1454 2399 1514 2435 uti
1538 2412 1611 2447 par

974 2461 1071 2499 erat,
1089 2456 1339 2491 mentionem
1354 2454 1511 2498 feeerit,
1529 2467 1611 2491 non

975 2511 1100 2547 habeo
1120 2518 1396 2560 compertun13
1420 2509 1530 2548 illud
1549 2509 1613 2550 vi-
