1732 2951
323 236 419 270 mv
653 218 1277 269 PRAEFATIO.

311 341 564 389 praestare
592 347 687 374 non
721 331 935 373 siverunt
950 330 1095 388 fata,
1129 331 1504 376 cumulatissime
1527 331 1650 377 eius-

314 403 422 442 dem
451 401 546 441 loci
577 408 619 440 et
649 398 904 456 dignitatis
939 397 1017 438 vir
1048 397 1495 448 Eminentissimus,
1528 402 1648 444 Car-

321 467 499 509 clinalis
528 467 788 507 Passioneus
818 463 1041 518 explevit:
1088 480 1289 519 namque
1320 465 1515 524 cognita
1547 483 1648 509 mea

320 534 600 576 schedarum
633 532 685 572 V
681 529 987 572 aticanarum
1015 529 1266 584 cupidine,
1285 531 1650 586 perhumaniter

320 597 595 653 rescripsit,
628 613 706 638 eas
747 613 829 638 nec
864 599 1120 638 admodum
1151 599 1317 646 bonaso,
1352 614 1434 640 nec
1454 598 1648 654 priscas

321 664 500 708 videri.-
525 680 621 706 esse
640 679 727 704 sua
757 663 808 704 in
831 661 1154 710 Bibliotheca,
1187 680 1244 705 esc
1262 663 1514 723 Ssortiana
1528 681 1648 720 pro—

305 733 494 793 fectas,
525 730 835 789 integriores,
867 730 1019 772 nitide
1049 730 1212 785 pictas
1240 740 1286 773 et
1322 741 1522 781 veteres,-
1566 735 1647 775 ha-

323 817 429 841 rum
453 816 500 840 se
521 800 695 850 &mmm
721 800 860 848 γραφοές
887 796 1007 838 mihi
1028 813 1123 839 non
1149 807 1445 856 negaturum.
1474 800 1646 842 Absol-

320 865 393 908 vit
420 865 500 908 vir
517 880 727 907 summus
738 895 754 912 „
773 866 902 918 quod
919 865 1487 918 receperat,liberaliter,⁴
1508 866 1646 909 cuius

320 950 404 992 ego
440 934 735 975 eaecellentem
775 930 825 971 in
857 930 941 972 illo
958 930 1198 989 fastigio,
1235 935 1344 973 dum
1370 941 1647 988 supererat,

320 998 666 1040 humanitatem
695 1005 740 1038 et
767 1013 879 1056 erga
915 1013 985 1038 me
1017 997 1230 1039 studium
1263 999 1481 1041 laudibus
1506 998 1646 1056 serre

319 1076 365 1108 et
394 1074 537 1125 grata
570 1074 720 1106 mente
758 1066 992 1111 recolere,
1022 1063 1234 1105 desinam
1268 1080 1524 1119 nunquam.
1572 1068 1646 1107 De

320 1132 444 1174 libro
474 1148 585 1173 vera
616 1131 806 1173 omnia:
836 1130 967 1172 circa
999 1134 1208 1172 seculum
1237 1132 1566 1174 duodecimum
1593 1132 1646 1174 in

321 1202 490 1242 charta
524 1202 819 1257 Pergamena
845 1200 902 1240 ab
933 1199 1074 1239 docto
1106 1198 1265 1240 scriba
1299 1208 1526 1242 exaratus
1552 1208 1622 1242 est
1633 1230 1651 1249 ,

310 1265 620 1322 praestantia
652 1267 856 1306 Mediceo
884 1265 1013 1306 m'lzil
1029 1267 1217 1314 cedens,
1250 1282 1386 1321 saepe
1409 1265 1647 1321 superior.

321 1336 527 1377 Illorum
555 1348 665 1375 vero
701 1333 918 1374 codicum
941 1332 1175 1387 excerptis
1214 1343 1476 1388 occupato,
1508 1342 1648 1387 atque

322 1401 480 1456 operi,
510 1399 697 1459 formis
734 1397 1073 1445 exscribendo,
1114 1400 1291 1440 dudum
1338 1399 1551 1447 intento!
1591 1416 1648 1441 ea:

320 1466 585 1510 Britannia
628 1464 1012 1508 consultissimus
1045 1469 1079 1506 I.
1111 1469 1161 1507 A.
1196 1467 1431 1508 Helvetius
1466 1467 1646 1508 editum

319 1534 644 1590 Iungermanni
663 1535 922 1587 exemplum
947 1531 1239 1574 transmittit
1253 1563 1266 1579 ‚
1288 1532 1425 1575 cuius
1447 1532 1497 1574 in
1520 1549 1645 1574 mar-

318 1601 430 1660 gine
465 1616 521 1642 ex
557 1599 739 1641 schedis
776 1599 984 1653 Archiep.
1020 1607 1064 1640 et
1100 1600 1282 1640 duobus
1313 1601 1646 1660 oxoniensibus

320 1671 688 1714 adnotamenta,
731 1668 814 1707 sed
850 1664 1080 1707 dilutiore
1117 1674 1418 1714 atramento,
1457 1669 1645 1722 saepius

311 1736 511 1791 plumbo
540 1732 830 1788 scriptorio,
859 1733 995 1787 picta
1013 1764 1023 1781 ‚
1059 1748 1201 1786 eaque
1215 1741 1419 1787 propter
1441 1732 1492 1774 in
1520 1735 1651 1774 haud

312 1800 488 1856 paucis
519 1799 754 1858 ambigua.
793 1797 964 1846 Tribui
997 1796 1120 1845 illis,
1150 1814 1431 1853 quamquam
1453 1793 1646 1855 suspen-

321 1869 449 1911 sior.
493 1883 636 1921 neque
664 1864 940 1921 poenituit,
982 1867 1161 1913 locum,
1195 1875 1240 1907 et
1275 1865 1461 1924 gratias
1499 1866 1646 1908 veteri

322 1935 493 1977 amico.
514 1936 572 1987 ²³')

379 2048 455 2088 Er
489 2047 573 2087 hos
614 2042 799 2098 quidem
839 2058 984 2084 manu
1028 2042 1291 2097 descriptos
1322 2043 1542 2092 Codices,
1572 2052 1646 2086 lot

324 2110 518 2153 diversis
549 2110 668 2152 locis
699 2118 890 2157 erutos,
922 2125 1019 2151 non
1049 2111 1207 2151 eodem
1230 2109 1386 2165 capite
1408 2126 1646 2152 manasse.

323 2177 709 2238 manifestissime
736 2175 948 2231 conperi.
1005 2176 1101 2219 Ubi
1130 2179 1257 2218 lacer
1290 2187 1359 2218 est
1391 2187 1436 2219 et
1470 2176 1646 2218 lziascic

378 2313 429 2362 ²⁴)
470 2312 687 2366 [Denique
727 2327 775 2351 ex
823 2316 959 2350 Veneto
1008 2313 1233 2350 bliothecae
1261 2314 1300 2351 S.
1319 2313 1445 2350 Marci
1467 2315 1510 2351 Τ.
1527 2313 1574 2351 ΙΙ.
1599 2326 1644 2362 Ρ.

324 2371 448 2408 etiam
470 2371 614 2408 Codice
644 2371 834 2406 lectiones
856 2382 960 2406 non-
1013 2370 1103 2419 169.
1123 2370 1269 2406 ductae
1288 2375 1404 2414 sunt,
1440 2381 1511 2405 nec
1535 2369 1644 2404 ultra

324 2428 463 2466 nullas
515 2426 656 2463 citavit
712 2425 958 2475 WVesseling.
1006 2424 1082 2462 lib.
1104 2427 1132 2461 Ι.
1166 2437 1252 2474 cap.
1287 2425 1351 2461 52.
1380 2424 1646 2475 progrediun-

323 2495 428 2532 quae
448 2494 495 2518 ex
516 2483 665 2523 Zanetti
687 2481 876 2530 Catalogo
895 2480 960 2517 Βί-
1007 2486 1089 2516 tur.
1119 2476 1193 2530 S.]
