1732 2951
292 242 470 275 xxvnx
676 228 1262 281 PRAEFATIO.

292 355 344 380 ex
372 341 625 383 Herodoto
650 341 935 382 continentur
958 344 1093 383 haec:
1113 357 1166 384 ex
1191 344 1270 384 lib.
1295 345 1331 386 Ι.
1350 359 1444 399 cap.
1465 349 1609 398 29-33.

293 410 430 459 §9454-
457 417 551 448 tum
584 423 635 449 ex
656 409 736 449 lib.
755 410 806 449 V.
835 423 929 461 cap.
954 411 1004 449 55
1027 417 1069 450 et
1092 413 1158 450 56.
1188 413 1331 451 62-66.
1368 416 1509 465 70-78.
1535 415 1610 453 82-

291 476 358 524 87.
389 476 440 526 96
470 482 511 515 et
536 489 604 526 97.
637 478 811 527 99-105.
847 470 923 516 ‘Ex
946 476 1026 515 lib.
1055 478 1133 516 VI.
1158 489 1257 530 cap.
1280 491 1473 532 102-120,
1502 494 1610 533 pau-

291 541 353 580 cis
382 541 531 581 medio
562 541 908 595 praetermissis:
950 548 1044 583 tum
1078 557 1174 597 cap.
1206 547 1397 596 132-140.
1440 548 1505 587 Ex
1527 546 1609 587 lib.

289 610 416 650 V111.
436 623 530 663 cap.
553 615 692 662 49·64.
724 611 866 661 84-96.

347 743 386 782 D
404 757 426 780 E
441 756 468 780 N
486 757 500 781 1
518 757 544 789 Q
565 756 590 781 U
609 757 632 781 E
672 739 919 782 Herodoti
947 740 1290 784 Historiarum
1322 741 1499 792 libros,
1525 743 1611 798 qui

290 807 644 850 enarrationem
663 823 936 865 pugnarum
964 806 1090 850 inter
1122 810 1328 850 Graecos
1355 817 1400 852 ec
1432 812 1609 853 Persas

291 876 694 928 complectuntur,
714 889 871 929 graece
893 889 994 915 curn
1011 875 1490 918 Animadversionibus
1506 879 1610 919 Ha.

293 940 352 982 lis
391 955 511 981 anno
551 956 781 982 mvecmx.
835 941 977 981 edidit
1015 940 1275 983 Davides
1320 944 1438 984 Sca
1456 959 1525 985 σι
1542 959 1610 992 Z,

292 1010 469 1049 duobus
510 1007 840 1058 voluminibu53
876 1022 1069 1060 quorum
1110 1009 1262 1062 priore
1295 1024 1506 1064 graecum
1534 1025 1609 1051 ex·-

292 1077 491 1128 emplum
508 1106 519 1127 ,
553 1074 631 1124 (in
657 1089 747 1126 quo
773 1074 956 1127 quidem
986 1075 1212 1116 Schaeferi
1238 1076 1433 1118 maxime
1456 1091 1610 1117 recen-

288 1141 461 1182 sionem
484 1147 682 1182 secutum
704 1156 749 1181 se
775 1156 866 1182 esse
887 1141 1157 1196 profitetur)
1187 1143 1436 1196 posteriore
1455 1144 1610 1185 Anim-

290 1209 575 1251 adversiones
600 1209 901 1250 continentur.

348 1345 479 1383 Posr
522 1341 888 1402 Wesselingizcm
925 1343 1063 1398 igitur
1105 1345 1257 1384 nullus
1296 1358 1349 1384 ex
1385 1343 1609 1384 Herodoti

292 1410 549 1450 Editorihus
576 1410 666 1450 alio
697 1411 914 1450 Codicum
947 1410 1353 1463 manuscriptorum
1380 1409 1608 1462 praesidio

291 1492 396 1518 usus
417 1483 498 1530 est,
533 1484 711 1530 praeter
733 1492 803 1518 eas
828 1477 981 1530 copias
1008 1491 1116 1529 quas
1135 1475 1353 1518 offerebat
1381 1475 1611 1518 Variecas

293 1542 540 1586 Lectionis
562 1544 717 1584 abillo
747 1546 945 1584 collecta.
987 1546 1050 1584 Ac
1079 1552 1182 1584 sunt
1204 1558 1309 1584 sane
1333 1543 1612 1584 instructissi-

293 1627 391 1652 mae
414 1611 592 1665 copiae,
615 1626 728 1664 quae
755 1609 1071 1668 PVesselingio
1087 1620 1262 1664 praesto
1280 1611 1480 1651 fuerant:
1501 1625 1610 1664 qua-

294 1693 391 1718 rum
423 1693 447 1718 e
478 1693 598 1732 penu
621 1710 633 1732 ,
673 1678 807 1719 etiam
839 1686 939 1732 post
965 1693 1149 1732 operam
1167 1679 1420 1720 Herodoto
1447 1680 1503 1719 ab
1528 1678 1610 1718 illo

293 1744 577 1799 praestitam,
626 1746 746 1785 haud
787 1758 931 1799 pauca
970 1747 1119 1786 adhuc
1162 1746 1218 1785 ad
1265 1746 1613 1785 emaculandum

295 1811 561 1851 admirabile
606 1813 694 1852 hoc
733 1812 1011 1864 antiquitatis
1049 1818 1393 1852 monumentum
1431 1810 1612 1864 decerpi

293 1893 422 1932 posse
446 1881 566 1919 haud
599 1878 824 1919 immerito
855 1879 1114 1920 iudicarunt
1143 1879 1263 1919 docti
1290 1878 1360 1919 illi
1385 1877 1507 1931 Viri,
1533 1875 1615 1929 qui

293 1952 394 1998 post.
434 1948 642 1986 eumdem
686 1947 741 1985 ad
788 1948 1035 1986 curandam
1073 1960 1239 1986 novam
1281 1945 1416 1986 huius
1461 1944 1610 1998 operis

294 2012 540 2052 editionem
573 2020 864 2053 accesserunt.
908 2013 997 2068 Qui
1028 2028 1166 2064 quum
1201 2028 1254 2053 ex
1285 2014 1444 2052 eodem
1475 2013 1613 2064 adpa-

294 2087 390 2120 ratu
414 2079 765 2135 Wcsselingiano
793 2079 882 2119 iam
913 2080 1031 2132 scre,
1055 2079 1278 2132 quidquid
1299 2079 1378 2119 ille
1404 2078 1615 2132 suppedi-

294 2153 385 2187 tare
414 2146 627 2200 praesidii
659 2153 855 2199 poterat,
889 2146 1165 2201 sublegerint
1191 2148 1362 2199 suaque
1399 2153 1441 2186 et
1476 2145 1611 2186 indu-

292 2213 399 2255 stria
427 2221 468 2253 et
497 2213 679 2269 ingenio
711 2213 755 2252 in
781 2212 1001 2253 Herodoti
1024 2215 1262 2253 commoda
1287 2212 1612 2265 converterint3

294 2280 527 2333 equidem,
559 2287 800 2334 postquam
837 2287 936 2318 ante
965 2281 1047 2320 hos
1069 2279 1434 2331 aliquammultos
1466 2293 1610 2320 annos

292 2350 501 2389 Exterus
531 2347 601 2389 vir
629 2347 851 2399 eruditus,
885 2345 964 2397 qui
990 2353 1097 2386 tunc
1125 2346 1337 2399 temporis
1357 2345 1612 2386 institutum

292 2414 521 2456 Societatis
549 2414 815 2468 Bipontinae
837 2413 1022 2453 edendis
1052 2413 1240 2454 classicis
1269 2402 1524 2454 auc'toribus
1545 2427 1613 2453 re—

292 2484 444 2538 gebat,
479 2495 503 2522 a
537 2495 611 2523 me
641 2482 927 2534 postulasset,
965 2486 1013 2521 ut
1040 2480 1241 2521 absoluta
1282 2479 1500 2522 Athenaei
1525 2479 1615 2521 edi-
