<?xml version="1.0" encoding="UTF-8"?>
<!DOCTYPE html PUBLIC "-//W3C//DTD XHTML 1.0 Transitional//EN"
    "http://www.w3.org/TR/xhtml1/DTD/xhtml1-transitional.dtd">
<html xmlns="http://www.w3.org/1999/xhtml" xml:lang="en" lang="en">
 <head>
  <title>
</title>
<meta http-equiv="Content-Type" content="text/html;charset=utf-8" />
  <meta name='ocr-system' content='tesseract 3.04.00' />
  <meta name='ocr-capabilities' content='ocr_page ocr_carea ocr_par ocr_line ocrx_word'/>
</head>
<body>
  <div class='ocr_page' id='page_1' title='image "./musaesivehistori01hero_0571.png"; bbox 0 0 1732 2951; ppageno 0'>
   <div class='ocr_carea' id='block_1_1' title="bbox 420 247 1001 299">
    <p class='ocr_par' dir='ltr' id='par_1_1' title="bbox 420 247 1001 299">
     <span class='ocr_line' id='line_1_1' title="bbox 420 247 1001 299; baseline 0.002 -2"><span class='ocrx_word' id='word_1_1' title='bbox 420 247 1001 299; x_wconf 77' lang='lat' dir='ltr'><strong>PRAEFATIO.</strong></span> 
     </span>
    </p>
   </div>
   <div class='ocr_carea' id='block_1_2' title="bbox 1251 269 1371 300">
    <p class='ocr_par' dir='ltr' id='par_1_2' title="bbox 1251 269 1371 300">
     <span class='ocr_line' id='line_1_2' title="bbox 1251 269 1371 300; baseline 0.017 -2"><span class='ocrx_word' id='word_1_2' title='bbox 1251 269 1371 300; x_wconf 80' lang='lat' dir='ltr'>XXXI</span> 
     </span>
    </p>
   </div>
   <div class='ocr_carea' id='block_1_3' title="bbox 55 373 1377 1289">
    <p class='ocr_par' dir='ltr' id='par_1_3' title="bbox 55 373 1377 1289">
     <span class='ocr_line' id='line_1_3' title="bbox 59 373 1374 427; baseline 0.002 -14"><span class='ocrx_word' id='word_1_3' title='bbox 59 375 184 425; x_wconf 83' lang='lat' dir='ltr'><strong>dem,</strong></span> <span class='ocrx_word' id='word_1_4' title='bbox 215 385 349 424; x_wconf 83' lang='lat' dir='ltr'><strong>quam</strong></span> <span class='ocrx_word' id='word_1_5' title='bbox 383 377 432 411; x_wconf 87' lang='lat' dir='ltr'><strong>ut</strong></span> <span class='ocrx_word' id='word_1_6' title='bbox 463 385 487 411; x_wconf 86' lang='lat' dir='ltr'><strong>a</strong></span> <span class='ocrx_word' id='word_1_7' title='bbox 515 373 836 411; x_wconf 83' lang='lat' dir='ltr'><strong>Conservatore</strong></span> <span class='ocrx_word' id='word_1_8' title='bbox 873 384 1134 427; x_wconf 84' lang='lat' dir='ltr'><strong>graecorum</strong></span> <span class='ocrx_word' id='word_1_9' title='bbox 1167 375 1374 416; x_wconf 83' lang='lat' dir='ltr'><strong>codicum</strong></span> 
     </span>
     <span class='ocr_line' id='line_1_4' title="bbox 58 438 1377 493; baseline -0.004 -13"><span class='ocrx_word' id='word_1_10' title='bbox 58 439 358 481; x_wconf 73' lang='lat' dir='ltr'><strong>bibliothecae</strong></span> <span class='ocrx_word' id='word_1_11' title='bbox 380 439 637 479; x_wconf 88' lang='lat' dir='ltr'><strong>Parisiensis</strong></span> <span class='ocrx_word' id='word_1_12' title='bbox 655 438 1011 490; x_wconf 87' lang='lat' dir='ltr'><strong>quibuscumque</strong></span> <span class='ocrx_word' id='word_1_13' title='bbox 1028 451 1202 490; x_wconf 86' lang='lat' dir='ltr'><strong>possem</strong></span> <span class='ocrx_word' id='word_1_14' title='bbox 1232 442 1377 493; x_wconf 81' lang='lat' dir='ltr'><strong>preci..</strong></span> 
     </span>
     <span class='ocr_line' id='line_1_5' title="bbox 58 504 1373 563; baseline 0.001 -16"><span class='ocrx_word' id='word_1_15' title='bbox 58 509 141 547; x_wconf 88' lang='lat' dir='ltr'><strong>bus</strong></span> <span class='ocrx_word' id='word_1_16' title='bbox 177 505 512 556; x_wconf 82' lang='lat' dir='ltr'>rationibusque</span> <span class='ocrx_word' id='word_1_17' title='bbox 549 504 709 544; x_wconf 85' lang='lat' dir='ltr'><strong>iterum</strong></span> <span class='ocrx_word' id='word_1_18' title='bbox 742 505 995 556; x_wconf 71' lang='lat' dir='ltr'><strong>iterumque</strong></span> <span class='ocrx_word' id='word_1_19' title='bbox 1031 508 1373 563; x_wconf 75' lang='lat' dir='ltr'>contenderem,</span> 
     </span>
     <span class='ocr_line' id='line_1_6' title="bbox 58 569 1374 624; baseline 0.002 -10"><span class='ocrx_word' id='word_1_20' title='bbox 58 581 108 614; x_wconf 93' lang='lat' dir='ltr'><strong>ut</strong></span> <span class='ocrx_word' id='word_1_21' title='bbox 135 569 379 613; x_wconf 80' lang='lat' dir='ltr'><em>Herodoti</em></span> <span class='ocrx_word' id='word_1_22' title='bbox 403 570 586 612; x_wconf 79' lang='lat' dir='ltr'><strong>codices</strong></span> <span class='ocrx_word' id='word_1_23' title='bbox 619 569 966 624; x_wconf 69' lang='lat' dir='ltr'><strong>manuscripti,</strong></span> <span class='ocrx_word' id='word_1_24' title='bbox 1004 571 1082 622; x_wconf 91' lang='lat' dir='ltr'><strong>qui</strong></span> <span class='ocrx_word' id='word_1_25' title='bbox 1106 571 1150 610; x_wconf 90' lang='lat' dir='ltr'><strong>in</strong></span> <span class='ocrx_word' id='word_1_26' title='bbox 1174 573 1374 617; x_wconf 82' lang='lat' dir='ltr'><strong>literario</strong></span> 
     </span>
     <span class='ocr_line' id='line_1_7' title="bbox 58 636 1375 688; baseline 0 -10"><span class='ocrx_word' id='word_1_27' title='bbox 58 637 140 678; x_wconf 87' lang='lat' dir='ltr'><strong>illo</strong></span> <span class='ocrx_word' id='word_1_28' title='bbox 164 640 368 678; x_wconf 87' lang='lat' dir='ltr'><strong>thesauro</strong></span> <span class='ocrx_word' id='word_1_29' title='bbox 402 636 593 688; x_wconf 80' lang='lat' dir='ltr'>depositi</span> <span class='ocrx_word' id='word_1_30' title='bbox 626 643 789 688; x_wconf 68' lang='lat' dir='ltr'><strong>essent,</strong></span> <span class='ocrx_word' id='word_1_31' title='bbox 822 650 946 676; x_wconf 88' lang='lat' dir='ltr'><strong>meae</strong></span> <span class='ocrx_word' id='word_1_32' title='bbox 976 636 1082 676; x_wconf 89' lang='lat' dir='ltr'><strong>fidei</strong></span> <span class='ocrx_word' id='word_1_33' title='bbox 1114 637 1375 682; x_wconf 43' lang='lat' dir='ltr'><strong>industriaea</strong></span> 
     </span>
     <span class='ocr_line' id='line_1_8' title="bbox 59 702 1375 757; baseline 0.001 -13"><span class='ocrx_word' id='word_1_34' title='bbox 59 720 170 757; x_wconf 82' lang='lat' dir='ltr'><strong>que,</strong></span> <span class='ocrx_word' id='word_1_35' title='bbox 207 704 584 756; x_wconf 83' lang='lat' dir='ltr'><strong>quemadmodum</strong></span> <span class='ocrx_word' id='word_1_36' title='bbox 621 702 730 740; x_wconf 85' lang='lat' dir='ltr'><strong>olim</strong></span> <span class='ocrx_word' id='word_1_37' title='bbox 767 703 983 755; x_wconf 79' lang='lat' dir='ltr'><strong>Appiani,</strong></span> <span class='ocrx_word' id='word_1_38' title='bbox 1023 705 1228 757; x_wconf 82' lang='lat' dir='ltr'><strong>Polybii,</strong></span> <span class='ocrx_word' id='word_1_39' title='bbox 1267 708 1375 749; x_wconf 84' lang='lat' dir='ltr'><strong>alio-</strong></span> 
     </span>
     <span class='ocr_line' id='line_1_9' title="bbox 60 769 1375 823; baseline 0.002 -11"><span class='ocrx_word' id='word_1_40' title='bbox 60 786 252 823; x_wconf 88' lang='lat' dir='ltr'><strong>rumque</strong></span> <span class='ocrx_word' id='word_1_41' title='bbox 283 778 514 810; x_wconf 84' lang='lat' dir='ltr'><strong>auctorum</strong></span> <span class='ocrx_word' id='word_1_42' title='bbox 547 769 744 821; x_wconf 78' lang='lat' dir='ltr'><strong>codices,</strong></span> <span class='ocrx_word' id='word_1_43' title='bbox 776 771 1001 821; x_wconf 86' lang='lat' dir='ltr'><strong>parandae</strong></span> <span class='ocrx_word' id='word_1_44' title='bbox 1030 783 1174 810; x_wconf 82' lang='lat' dir='ltr'><strong>novae</strong></span> <span class='ocrx_word' id='word_1_45' title='bbox 1204 774 1375 815; x_wconf 85' lang='lat' dir='ltr'><strong>Editio-</strong></span> 
     </span>
     <span class='ocr_line' id='line_1_10' title="bbox 58 836 1373 890; baseline 0.002 -11"><span class='ocrx_word' id='word_1_46' title='bbox 58 839 128 879; x_wconf 91' lang='lat' dir='ltr'><strong>nis</strong></span> <span class='ocrx_word' id='word_1_47' title='bbox 167 837 386 878; x_wconf 78' lang='lat' dir='ltr'>Herodoti</span> <span class='ocrx_word' id='word_1_48' title='bbox 421 850 567 876; x_wconf 81' lang='lat' dir='ltr'><strong>caussa</strong></span> <span class='ocrx_word' id='word_1_49' title='bbox 605 836 1014 876; x_wconf 67' lang='lat' dir='ltr'><strong>committerentur:</strong></span> <span class='ocrx_word' id='word_1_50' title='bbox 1055 836 1225 890; x_wconf 87' lang='lat' dir='ltr'><strong>quippe</strong></span> <span class='ocrx_word' id='word_1_51' title='bbox 1260 842 1373 882; x_wconf 78' lang='lat' dir='ltr'><strong>mihi</strong></span> 
     </span>
     <span class='ocr_line' id='line_1_11' title="bbox 58 902 1375 958; baseline -0.004 -14"><span class='ocrx_word' id='word_1_52' title='bbox 58 917 357 958; x_wconf 76' lang='lat' dir='ltr'><strong>persuaserant</strong></span> <span class='ocrx_word' id='word_1_53' title='bbox 376 933 387 953; x_wconf 81' lang='lat'>‚</span> <span class='ocrx_word' id='word_1_54' title='bbox 420 904 506 940; x_wconf 85' lang='lat' dir='ltr'><strong>hoc</strong></span> <span class='ocrx_word' id='word_1_55' title='bbox 528 902 716 941; x_wconf 87' lang='lat' dir='ltr'><strong>consilio</strong></span> <span class='ocrx_word' id='word_1_56' title='bbox 740 902 914 942; x_wconf 87' lang='lat' dir='ltr'><strong>codices</strong></span> <span class='ocrx_word' id='word_1_57' title='bbox 931 902 1033 942; x_wconf 91' lang='lat' dir='ltr'><strong>illos</strong></span> <span class='ocrx_word' id='word_1_58' title='bbox 1063 906 1203 957; x_wconf 71' lang='lat' dir='ltr'><strong>tanta,</strong></span> <span class='ocrx_word' id='word_1_59' title='bbox 1233 920 1375 957; x_wconf 72' lang='lat' dir='ltr'><strong>quan-</strong></span> 
     </span>
     <span class='ocr_line' id='line_1_12' title="bbox 57 968 1372 1024; baseline 0.003 -13"><span class='ocrx_word' id='word_1_60' title='bbox 57 975 101 1011; x_wconf 72' lang='lat' dir='ltr'><strong>ta</strong></span> <span class='ocrx_word' id='word_1_61' title='bbox 123 985 202 1024; x_wconf 87' lang='lat' dir='ltr'><strong>par</strong></span> <span class='ocrx_word' id='word_1_62' title='bbox 223 978 338 1020; x_wconf 80' lang='lat' dir='ltr'><strong>erat,</strong></span> <span class='ocrx_word' id='word_1_63' title='bbox 372 971 475 1008; x_wconf 73' lang='lat' dir='ltr'><strong>curii</strong></span> <span class='ocrx_word' id='word_1_64' title='bbox 500 982 551 1007; x_wconf 73' lang='lat' dir='ltr'><strong>ac</strong></span> <span class='ocrx_word' id='word_1_65' title='bbox 572 968 792 1022; x_wconf 82' lang='lat' dir='ltr'><strong>religione</strong></span> <span class='ocrx_word' id='word_1_66' title='bbox 814 968 1005 1021; x_wconf 72' lang='lat' dir='ltr'><strong>servari,</strong></span> <span class='ocrx_word' id='word_1_67' title='bbox 1037 976 1105 1022; x_wconf 78' lang='lat' dir='ltr'><strong>ut,</strong></span> <span class='ocrx_word' id='word_1_68' title='bbox 1133 969 1169 1009; x_wconf 89' lang='lat' dir='ltr'><strong>si</strong></span> <span class='ocrx_word' id='word_1_69' title='bbox 1191 977 1372 1022; x_wconf 88' lang='lat' dir='ltr'><strong>quando</strong></span> 
     </span>
     <span class='ocr_line' id='line_1_13' title="bbox 56 1034 1374 1087; baseline 0.001 -11"><span class='ocrx_word' id='word_1_70' title='bbox 56 1039 194 1077; x_wconf 84' lang='lat' dir='ltr'><strong>homo</strong></span> <span class='ocrx_word' id='word_1_71' title='bbox 220 1035 449 1076; x_wconf 83' lang='lat' dir='ltr'><strong>exstitisset</strong></span> <span class='ocrx_word' id='word_1_72' title='bbox 476 1034 688 1087; x_wconf 82' lang='lat' dir='ltr'><strong>idoneus,</strong></span> <span class='ocrx_word' id='word_1_73' title='bbox 727 1035 806 1087; x_wconf 87' lang='lat' dir='ltr'><strong>qui</strong></span> <span class='ocrx_word' id='word_1_74' title='bbox 835 1035 925 1075; x_wconf 82' lang='lat' dir='ltr'><strong>illis</strong></span> <span class='ocrx_word' id='word_1_75' title='bbox 951 1035 1181 1076; x_wconf 84' lang='lat' dir='ltr'><strong>codicibus</strong></span> <span class='ocrx_word' id='word_1_76' title='bbox 1208 1041 1261 1078; x_wconf 86' lang='lat' dir='ltr'><strong>ad</strong></span> <span class='ocrx_word' id='word_1_77' title='bbox 1294 1055 1374 1080; x_wconf 90' lang='lat' dir='ltr'><strong>no-</strong></span> 
     </span>
     <span class='ocr_line' id='line_1_14' title="bbox 59 1092 1374 1155; baseline 0.005 -16"><span class='ocrx_word' id='word_1_78' title='bbox 59 1115 160 1140; x_wconf 82' lang='lat' dir='ltr'><strong>vam</strong></span> <span class='ocrx_word' id='word_1_79' title='bbox 183 1092 510 1153; x_wconf 65' lang='lat' dir='ltr'><strong>procurauda&#39;m</strong></span> <span class='ocrx_word' id='word_1_80' title='bbox 535 1100 780 1139; x_wconf 70' lang='lat' dir='ltr'><strong>editionem</strong></span> <span class='ocrx_word' id='word_1_81' title='bbox 814 1107 855 1139; x_wconf 87' lang='lat' dir='ltr'><strong>et</strong></span> <span class='ocrx_word' id='word_1_82' title='bbox 885 1100 1015 1140; x_wconf 86' lang='lat' dir='ltr'><strong>sciret</strong></span> <span class='ocrx_word' id='word_1_83' title='bbox 1041 1100 1107 1140; x_wconf 87' lang='lat' dir='ltr'><strong>uti</strong></span> <span class='ocrx_word' id='word_1_84' title='bbox 1133 1108 1174 1140; x_wconf 88' lang='lat' dir='ltr'><strong>et</strong></span> <span class='ocrx_word' id='word_1_85' title='bbox 1196 1112 1374 1155; x_wconf 84' lang='lat' dir='ltr'><strong>paratus</strong></span> 
     </span>
     <span class='ocr_line' id='line_1_15' title="bbox 58 1165 1373 1222; baseline 0.005 -16"><span class='ocrx_word' id='word_1_86' title='bbox 58 1174 187 1212; x_wconf 76' lang='lat' dir='ltr'><strong>esset,</strong></span> <span class='ocrx_word' id='word_1_87' title='bbox 213 1166 337 1206; x_wconf 90' lang='lat' dir='ltr'><strong>cuius</strong></span> <span class='ocrx_word' id='word_1_88' title='bbox 357 1167 487 1205; x_wconf 84' lang='lat' dir='ltr'><strong>eliam</strong></span> <span class='ocrx_word' id='word_1_89' title='bbox 512 1165 619 1220; x_wconf 84' lang='lat' dir='ltr'><strong>fides</strong></span> <span class='ocrx_word' id='word_1_90' title='bbox 640 1167 745 1206; x_wconf 87' lang='lat' dir='ltr'><strong>satis</strong></span> <span class='ocrx_word' id='word_1_91' title='bbox 772 1167 926 1207; x_wconf 86' lang='lat' dir='ltr'><strong>suisset</strong></span> <span class='ocrx_word' id='word_1_92' title='bbox 954 1174 1203 1222; x_wconf 81' lang='lat' dir='ltr'><strong>perspecta,</strong></span> <span class='ocrx_word' id='word_1_93' title='bbox 1230 1170 1271 1210; x_wconf 91' lang='lat' dir='ltr'><strong>ei</strong></span> <span class='ocrx_word' id='word_1_94' title='bbox 1291 1174 1373 1212; x_wconf 88' lang='lat' dir='ltr'><strong>ho-</strong></span> 
     </span>
     <span class='ocr_line' id='line_1_16' title="bbox 55 1233 1143 1289; baseline 0.002 -17"><span class='ocrx_word' id='word_1_95' title='bbox 55 1233 169 1272; x_wconf 91' lang='lat' dir='ltr'><strong>miui</strong></span> <span class='ocrx_word' id='word_1_96' title='bbox 190 1233 372 1272; x_wconf 87' lang='lat' dir='ltr'><strong>illorum</strong></span> <span class='ocrx_word' id='word_1_97' title='bbox 394 1233 611 1273; x_wconf 88' lang='lat' dir='ltr'><strong>Codicum</strong></span> <span class='ocrx_word' id='word_1_98' title='bbox 629 1247 760 1273; x_wconf 88' lang='lat' dir='ltr'><strong>usura</strong></span> <span class='ocrx_word' id='word_1_99' title='bbox 780 1247 872 1273; x_wconf 91' lang='lat' dir='ltr'><strong>non</strong></span> <span class='ocrx_word' id='word_1_100' title='bbox 893 1241 1143 1289; x_wconf 84' lang='lat' dir='ltr'><strong>negaretur.</strong></span> 
     </span>
    </p>
   </div>
   <div class='ocr_carea' id='block_1_4' title="bbox 57 1332 1374 1724">
    <p class='ocr_par' dir='ltr' id='par_1_4' title="bbox 57 1332 1374 1724">
     <span class='ocr_line' id='line_1_17' title="bbox 112 1332 1374 1388; baseline 0.005 -17"><span class='ocrx_word' id='word_1_101' title='bbox 112 1334 149 1386; x_wconf 73' lang='lat' dir='ltr'><strong>Q</strong></span> <span class='ocrx_word' id='word_1_102' title='bbox 166 1346 192 1371; x_wconf 85' lang='lat' dir='ltr'>U</span> <span class='ocrx_word' id='word_1_103' title='bbox 208 1345 234 1371; x_wconf 68' lang='grc' dir='ltr'><strong>Α</strong></span> <span class='ocrx_word' id='word_1_104' title='bbox 261 1347 338 1384; x_wconf 87' lang='lat' dir='ltr'><strong>spe</strong></span> <span class='ocrx_word' id='word_1_105' title='bbox 358 1340 593 1385; x_wconf 88' lang='lat' dir='ltr'><strong>postquam</strong></span> <span class='ocrx_word' id='word_1_106' title='bbox 612 1347 695 1385; x_wconf 88' lang='lat' dir='ltr'><strong>per</strong></span> <span class='ocrx_word' id='word_1_107' title='bbox 721 1332 907 1372; x_wconf 87' lang='lat' dir='ltr'><strong>illorum</strong></span> <span class='ocrx_word' id='word_1_108' title='bbox 928 1339 1183 1385; x_wconf 83' lang='lat' dir='ltr'><strong>temporum</strong></span> <span class='ocrx_word' id='word_1_109' title='bbox 1205 1334 1374 1388; x_wconf 89' lang='lat' dir='ltr'><strong>iniqui-</strong></span> 
     </span>
     <span class='ocr_line' id='line_1_18' title="bbox 57 1399 1373 1453; baseline 0.005 -16"><span class='ocrx_word' id='word_1_110' title='bbox 57 1406 188 1437; x_wconf 84' lang='lat' dir='ltr'><strong>tatem</strong></span> <span class='ocrx_word' id='word_1_111' title='bbox 210 1400 462 1438; x_wconf 76' lang='lat' dir='ltr'><strong>frustratum</strong></span> <span class='ocrx_word' id='word_1_112' title='bbox 486 1414 554 1439; x_wconf 88' lang='lat' dir='ltr'><strong>me</strong></span> <span class='ocrx_word' id='word_1_113' title='bbox 576 1399 692 1452; x_wconf 78' lang='lat' dir='ltr'><strong>vidi,</strong></span> <span class='ocrx_word' id='word_1_114' title='bbox 724 1399 949 1452; x_wconf 85' lang='lat' dir='ltr'><strong>reliquum</strong></span> <span class='ocrx_word' id='word_1_115' title='bbox 980 1400 1088 1453; x_wconf 77' lang='lat' dir='ltr'><strong>suit,</strong></span> <span class='ocrx_word' id='word_1_116' title='bbox 1113 1407 1161 1440; x_wconf 88' lang='lat' dir='ltr'><strong>ut</strong></span> <span class='ocrx_word' id='word_1_117' title='bbox 1182 1401 1373 1444; x_wconf 59' lang='lat' dir='ltr'><strong>circumv</strong></span> 
     </span>
     <span class='ocr_line' id='line_1_19' title="bbox 58 1465 1374 1517; baseline 0.005 -13"><span class='ocrx_word' id='word_1_118' title='bbox 58 1465 273 1517; x_wconf 84' lang='lat' dir='ltr'><strong>spicerem</strong></span> <span class='ocrx_word' id='word_1_119' title='bbox 303 1465 340 1505; x_wconf 92' lang='lat' dir='ltr'><strong>si</strong></span> <span class='ocrx_word' id='word_1_120' title='bbox 370 1465 467 1517; x_wconf 90' lang='lat' dir='ltr'><strong>quis</strong></span> <span class='ocrx_word' id='word_1_121' title='bbox 497 1474 606 1505; x_wconf 87' lang='lat' dir='ltr'><strong>esset</strong></span> <span class='ocrx_word' id='word_1_122' title='bbox 632 1465 710 1516; x_wconf 89' lang='lat' dir='ltr'><strong>qui</strong></span> <span class='ocrx_word' id='word_1_123' title='bbox 739 1466 917 1507; x_wconf 86' lang='lat' dir='ltr'><strong>Parisiis</strong></span> <span class='ocrx_word' id='word_1_124' title='bbox 944 1481 1045 1507; x_wconf 89' lang='lat' dir='ltr'><strong>meo</strong></span> <span class='ocrx_word' id='word_1_125' title='bbox 1066 1474 1213 1507; x_wconf 87' lang='lat' dir='ltr'><strong>sumtu</strong></span> <span class='ocrx_word' id='word_1_126' title='bbox 1238 1472 1374 1511; x_wconf 79' lang='lat' dir='ltr'><strong>vellet</strong></span> 
     </span>
     <span class='ocr_line' id='line_1_20' title="bbox 59 1529 1374 1584; baseline 0.005 -15"><span class='ocrx_word' id='word_1_127' title='bbox 59 1529 284 1584; x_wconf 78' lang='lat' dir='ltr'><strong>ingratum</strong></span> <span class='ocrx_word' id='word_1_128' title='bbox 312 1531 764 1583; x_wconf 83' lang='lat' dir='ltr'><strong>molestissimumque</strong></span> <span class='ocrx_word' id='word_1_129' title='bbox 801 1534 1002 1572; x_wconf 84' lang='lat' dir='ltr'><strong>laborem</strong></span> <span class='ocrx_word' id='word_1_130' title='bbox 1032 1533 1237 1575; x_wconf 87' lang='lat' dir='ltr'><strong>codicum</strong></span> <span class='ocrx_word' id='word_1_131' title='bbox 1269 1536 1374 1576; x_wconf 90' lang='lat' dir='ltr'><strong>illo-</strong></span> 
     </span>
     <span class='ocr_line' id='line_1_21' title="bbox 59 1600 1374 1656; baseline 0.002 -18"><span class='ocrx_word' id='word_1_132' title='bbox 59 1614 158 1638; x_wconf 87' lang='lat' dir='ltr'><strong>rum</strong></span> <span class='ocrx_word' id='word_1_133' title='bbox 175 1614 275 1639; x_wconf 90' lang='lat' dir='ltr'><strong>cum</strong></span> <span class='ocrx_word' id='word_1_134' title='bbox 298 1602 504 1652; x_wconf 86' lang='lat' dir='ltr'><strong>exemplo</strong></span> <span class='ocrx_word' id='word_1_135' title='bbox 523 1600 732 1640; x_wconf 87' lang='lat' dir='ltr'><strong>editionis</strong></span> <span class='ocrx_word' id='word_1_136' title='bbox 748 1601 1123 1656; x_wconf 82' lang='lat' dir='ltr'><strong>Wesselingianae</strong></span> <span class='ocrx_word' id='word_1_137' title='bbox 1143 1604 1374 1645; x_wconf 75' lang='lat' dir='ltr'><strong>conferen-</strong></span> 
     </span>
     <span class='ocr_line' id='line_1_22' title="bbox 61 1666 1374 1724; baseline 0.005 -20"><span class='ocrx_word' id='word_1_138' title='bbox 61 1667 221 1705; x_wconf 88' lang='lat' dir='ltr'><strong>dorum</strong></span> <span class='ocrx_word' id='word_1_139' title='bbox 236 1666 472 1718; x_wconf 80' lang='lat' dir='ltr'><strong>suscipere.</strong></span> <span class='ocrx_word' id='word_1_140' title='bbox 488 1668 541 1717; x_wconf 62' lang='lat'><strong>¹⁴²)</strong></span> <span class='ocrx_word' id='word_1_141' title='bbox 563 1668 632 1706; x_wconf 89' lang='lat' dir='ltr'><strong>Ad</strong></span> <span class='ocrx_word' id='word_1_142' title='bbox 648 1668 769 1718; x_wconf 90' lang='lat' dir='ltr'><strong>quod</strong></span> <span class='ocrx_word' id='word_1_143' title='bbox 793 1666 1122 1707; x_wconf 89' lang='lat' dir='ltr'><strong>conficiendum</strong></span> <span class='ocrx_word' id='word_1_144' title='bbox 1140 1670 1374 1724; x_wconf 85' lang='lat' dir='ltr'><strong>negotium</strong></span> 
     </span>
    </p>
   </div>
   <div class='ocr_carea' id='block_1_5' title="bbox 58 1792 693 2618">
    <p class='ocr_par' dir='ltr' id='par_1_5' title="bbox 58 1792 693 2618">
     <span class='ocr_line' id='line_1_23' title="bbox 61 1792 692 1841; baseline -0.002 -11"><span class='ocrx_word' id='word_1_145' title='bbox 61 1792 273 1837; x_wconf 78' lang='lat' dir='ltr'><strong>Herodoti,</strong></span> <span class='ocrx_word' id='word_1_146' title='bbox 310 1806 488 1841; x_wconf 87' lang='lat' dir='ltr'><strong>quorum</strong></span> <span class='ocrx_word' id='word_1_147' title='bbox 523 1805 570 1829; x_wconf 77' lang='lat' dir='ltr'><strong>ex</strong></span> <span class='ocrx_word' id='word_1_148' title='bbox 610 1806 692 1829; x_wconf 84' lang='lat' dir='ltr'><strong>uno</strong></span> 
     </span>
     <span class='ocr_line' id='line_1_24' title="bbox 59 1848 693 1896; baseline 0 -12"><span class='ocrx_word' id='word_1_149' title='bbox 59 1850 268 1896; x_wconf 80' lang='lat' dir='ltr'><strong>alteroque</strong></span> <span class='ocrx_word' id='word_1_150' title='bbox 287 1848 460 1884; x_wconf 84' lang='lat' dir='ltr'><strong>subinde</strong></span> <span class='ocrx_word' id='word_1_151' title='bbox 484 1849 605 1884; x_wconf 80' lang='lat' dir='ltr'><strong>etiam</strong></span> <span class='ocrx_word' id='word_1_152' title='bbox 625 1851 693 1885; x_wconf 86' lang='lat' dir='ltr'><strong>Le-</strong></span> 
     </span>
     <span class='ocr_line' id='line_1_25' title="bbox 58 1904 692 1940; baseline 0 0"><span class='ocrx_word' id='word_1_153' title='bbox 58 1904 208 1940; x_wconf 89' lang='lat' dir='ltr'><strong>ctiones</strong></span> <span class='ocrx_word' id='word_1_154' title='bbox 225 1905 446 1940; x_wconf 82' lang='lat' dir='ltr'><strong>nonnullas</strong></span> <span class='ocrx_word' id='word_1_155' title='bbox 460 1904 542 1940; x_wconf 82' lang='lat' dir='ltr'><strong>suis</strong></span> <span class='ocrx_word' id='word_1_156' title='bbox 554 1904 595 1939; x_wconf 87' lang='lat' dir='ltr'><strong>in</strong></span> <span class='ocrx_word' id='word_1_157' title='bbox 610 1904 692 1940; x_wconf 83' lang='lat' dir='ltr'><strong>Ad-</strong></span> 
     </span>
     <span class='ocr_line' id='line_1_26' title="bbox 63 1959 691 2008; baseline 0.002 -14"><span class='ocrx_word' id='word_1_158' title='bbox 63 1959 340 1995; x_wconf 83' lang='lat' dir='ltr'><strong>notationibus</strong></span> <span class='ocrx_word' id='word_1_159' title='bbox 357 1960 508 2007; x_wconf 81' lang='lat' dir='ltr'><strong>protuli</strong></span> <span class='ocrx_word' id='word_1_160' title='bbox 520 1966 552 2002; x_wconf 65' lang='grc' dir='ltr'><strong>ις</strong></span> <span class='ocrx_word' id='word_1_161' title='bbox 573 1966 691 2008; x_wconf 83' lang='lat' dir='ltr'><strong>puta—</strong></span> 
     </span>
     <span class='ocr_line' id='line_1_27' title="bbox 62 2015 692 2062; baseline 0.003 -12"><span class='ocrx_word' id='word_1_162' title='bbox 62 2026 196 2050; x_wconf 77' lang='lat' dir='ltr'><strong>veram</strong></span> <span class='ocrx_word' id='word_1_163' title='bbox 230 2015 442 2062; x_wconf 72' lang='lat' dir='ltr'><strong>equidem,</strong></span> <span class='ocrx_word' id='word_1_164' title='bbox 474 2015 626 2051; x_wconf 84' lang='lat' dir='ltr'><strong>Virum</strong></span> <span class='ocrx_word' id='word_1_165' title='bbox 652 2022 692 2052; x_wconf 86' lang='lat' dir='ltr'><strong>et</strong></span> 
     </span>
     <span class='ocr_line' id='line_1_28' title="bbox 62 2069 692 2119; baseline 0.003 -14"><span class='ocrx_word' id='word_1_166' title='bbox 62 2069 221 2117; x_wconf 85' lang='lat' dir='ltr'><strong>alioqui</strong></span> <span class='ocrx_word' id='word_1_167' title='bbox 250 2070 633 2119; x_wconf 66' lang='lat' dir='ltr'><strong>diligentissimum,</strong></span> <span class='ocrx_word' id='word_1_168' title='bbox 653 2078 692 2108; x_wconf 86' lang='lat' dir='ltr'><strong>et</strong></span> 
     </span>
     <span class='ocr_line' id='line_1_29' title="bbox 63 2124 690 2172; baseline 0.002 -11"><span class='ocrx_word' id='word_1_169' title='bbox 63 2124 251 2161; x_wconf 83' lang='lat' dir='ltr'><strong>Herodoti</strong></span> <span class='ocrx_word' id='word_1_170' title='bbox 327 2125 690 2172; x_wconf 75' lang='lat' dir='ltr'><strong>studiosissimum,</strong></span> 
     </span>
     <span class='ocr_line' id='line_1_30' title="bbox 63 2179 692 2230; baseline 0 -13"><span class='ocrx_word' id='word_1_171' title='bbox 63 2180 225 2217; x_wconf 86' lang='lat' dir='ltr'><strong>Codices</strong></span> <span class='ocrx_word' id='word_1_172' title='bbox 246 2179 339 2216; x_wconf 91' lang='lat' dir='ltr'><strong>illos</strong></span> <span class='ocrx_word' id='word_1_173' title='bbox 356 2181 568 2229; x_wconf 85' lang='lat' dir='ltr'><strong>praecipua</strong></span> <span class='ocrx_word' id='word_1_174' title='bbox 592 2195 692 2230; x_wconf 87' lang='lat' dir='ltr'><strong>qua-</strong></span> 
     </span>
     <span class='ocr_line' id='line_1_31' title="bbox 61 2234 691 2273; baseline 0.005 -3"><span class='ocrx_word' id='word_1_175' title='bbox 61 2234 155 2271; x_wconf 76' lang='lat' dir='ltr'><strong>dam</strong></span> <span class='ocrx_word' id='word_1_176' title='bbox 175 2248 271 2271; x_wconf 85' lang='lat' dir='ltr'><strong>cura</strong></span> <span class='ocrx_word' id='word_1_177' title='bbox 288 2235 388 2272; x_wconf 87' lang='lat' dir='ltr'><strong>olim</strong></span> <span class='ocrx_word' id='word_1_178' title='bbox 405 2249 497 2273; x_wconf 90' lang='lat' dir='ltr'><strong>cum</strong></span> <span class='ocrx_word' id='word_1_179' title='bbox 514 2237 691 2273; x_wconf 87' lang='lat' dir='ltr'><strong>editione</strong></span> 
     </span>
     <span class='ocr_line' id='line_1_32' title="bbox 63 2291 692 2340; baseline 0 -12"><span class='ocrx_word' id='word_1_180' title='bbox 63 2291 388 2340; x_wconf 58' lang='lat' dir='ltr'><strong>WVesselingiana</strong></span> <span class='ocrx_word' id='word_1_181' title='bbox 403 2293 637 2337; x_wconf 75' lang='lat' dir='ltr'><strong>contulisse,</strong></span> <span class='ocrx_word' id='word_1_182' title='bbox 653 2298 692 2329; x_wconf 87' lang='lat' dir='ltr'><strong>et</strong></span> 
     </span>
     <span class='ocr_line' id='line_1_33' title="bbox 63 2346 691 2396; baseline 0.003 -14"><span class='ocrx_word' id='word_1_183' title='bbox 63 2358 109 2382; x_wconf 81' lang='lat' dir='ltr'><strong>ex</strong></span> <span class='ocrx_word' id='word_1_184' title='bbox 129 2346 276 2382; x_wconf 86' lang='lat' dir='ltr'><strong>eisdem</strong></span> <span class='ocrx_word' id='word_1_185' title='bbox 311 2346 530 2396; x_wconf 86' lang='lat' dir='ltr'><strong>diligenter</strong></span> <span class='ocrx_word' id='word_1_186' title='bbox 560 2359 691 2384; x_wconf 83' lang='lat' dir='ltr'><strong>excer-</strong></span> 
     </span>
     <span class='ocr_line' id='line_1_34' title="bbox 66 2402 690 2449; baseline 0.005 -13"><span class='ocrx_word' id='word_1_187' title='bbox 66 2407 149 2449; x_wconf 87' lang='lat' dir='ltr'><strong>ptas</strong></span> <span class='ocrx_word' id='word_1_188' title='bbox 184 2402 384 2438; x_wconf 86' lang='lat' dir='ltr'><strong>Lectiones</strong></span> <span class='ocrx_word' id='word_1_189' title='bbox 417 2402 461 2438; x_wconf 91' lang='lat' dir='ltr'><strong>in</strong></span> <span class='ocrx_word' id='word_1_190' title='bbox 501 2404 690 2439; x_wconf 84' lang='lat' dir='ltr'><strong>manibus</strong></span> 
     </span>
     <span class='ocr_line' id='line_1_35' title="bbox 64 2456 689 2508; baseline 0.006 -18"><span class='ocrx_word' id='word_1_191' title='bbox 64 2456 224 2494; x_wconf 84' lang='lat' dir='ltr'><strong>habere.</strong></span> <span class='ocrx_word' id='word_1_192' title='bbox 280 2459 414 2505; x_wconf 84' lang='lat' dir='ltr'><strong>Quare</strong></span> <span class='ocrx_word' id='word_1_193' title='bbox 438 2485 447 2502; x_wconf 64' lang='lat'><em>7</em></span> <span class='ocrx_word' id='word_1_194' title='bbox 487 2459 689 2508; x_wconf 80' lang='lat' dir='ltr'><strong>cognitam</strong></span> 
     </span>
     <span class='ocr_line' id='line_1_36' title="bbox 62 2510 691 2550; baseline 0.006 -4"><span class='ocrx_word' id='word_1_195' title='bbox 62 2510 203 2547; x_wconf 84' lang='lat' dir='ltr'><strong>habeas</strong></span> <span class='ocrx_word' id='word_1_196' title='bbox 238 2513 331 2549; x_wconf 87' lang='lat' dir='ltr'><strong>Viri</strong></span> <span class='ocrx_word' id='word_1_197' title='bbox 362 2513 583 2550; x_wconf 86' lang='lat' dir='ltr'><strong>doctissimi</strong></span> <span class='ocrx_word' id='word_1_198' title='bbox 615 2515 691 2550; x_wconf 93' lang='lat' dir='ltr'><strong>hu-</strong></span> 
     </span>
     <span class='ocr_line' id='line_1_37' title="bbox 61 2566 690 2618; baseline 0.01 -17"><span class='ocrx_word' id='word_1_199' title='bbox 61 2566 298 2604; x_wconf 82' lang='lat' dir='ltr'><strong>manitatem</strong></span> <span class='ocrx_word' id='word_1_200' title='bbox 313 2574 351 2605; x_wconf 88' lang='lat' dir='ltr'><strong>et</strong></span> <span class='ocrx_word' id='word_1_201' title='bbox 369 2569 570 2618; x_wconf 82' lang='lat' dir='ltr'><strong>prolixam</strong></span> <span class='ocrx_word' id='word_1_202' title='bbox 590 2571 690 2607; x_wconf 80' lang='lat' dir='ltr'><strong>bene</strong></span> 
     </span>
    </p>
   </div>
   <div class='ocr_carea' id='block_1_6' title="bbox 736 1793 1375 2619">
    <p class='ocr_par' dir='ltr' id='par_1_6' title="bbox 736 1793 1375 2619">
     <span class='ocr_line' id='line_1_38' title="bbox 741 1793 1375 1832; baseline 0.006 -3"><span class='ocrx_word' id='word_1_203' title='bbox 741 1793 922 1829; x_wconf 88' lang='lat' dir='ltr'><strong>merendi</strong></span> <span class='ocrx_word' id='word_1_204' title='bbox 953 1793 1001 1829; x_wconf 92' lang='lat' dir='ltr'><strong>de</strong></span> <span class='ocrx_word' id='word_1_205' title='bbox 1028 1794 1267 1832; x_wconf 87' lang='lat' dir='ltr'><strong>hominibus</strong></span> <span class='ocrx_word' id='word_1_206' title='bbox 1290 1802 1375 1832; x_wconf 82' lang='lat' dir='ltr'><strong>stu-</strong></span> 
     </span>
     <span class='ocr_line' id='line_1_39' title="bbox 739 1848 1375 1899; baseline 0.006 -15"><span class='ocrx_word' id='word_1_207' title='bbox 739 1848 860 1885; x_wconf 86' lang='lat' dir='ltr'><strong>diosis</strong></span> <span class='ocrx_word' id='word_1_208' title='bbox 880 1850 1133 1885; x_wconf 84' lang='lat' dir='ltr'><strong>voluntatem</strong></span> <span class='ocrx_word' id='word_1_209' title='bbox 1150 1877 1159 1895; x_wconf 59' lang='lat'>7</span> <span class='ocrx_word' id='word_1_210' title='bbox 1193 1863 1264 1899; x_wconf 91' lang='lat' dir='ltr'><strong>per</strong></span> <span class='ocrx_word' id='word_1_211' title='bbox 1282 1852 1375 1888; x_wconf 84' lang='lat' dir='ltr'><strong>lite-</strong></span> 
     </span>
     <span class='ocr_line' id='line_1_40' title="bbox 740 1905 1373 1955; baseline 0.006 -15"><span class='ocrx_word' id='word_1_212' title='bbox 740 1917 801 1940; x_wconf 80' lang='lat' dir='ltr'><strong>ras</strong></span> <span class='ocrx_word' id='word_1_213' title='bbox 830 1916 924 1941; x_wconf 91' lang='lat' dir='ltr'><strong>eum</strong></span> <span class='ocrx_word' id='word_1_214' title='bbox 951 1905 1106 1955; x_wconf 77' lang='lat' dir='ltr'><strong>rogavi,</strong></span> <span class='ocrx_word' id='word_1_215' title='bbox 1133 1910 1180 1942; x_wconf 92' lang='lat' dir='ltr'><strong>ut</strong></span> <span class='ocrx_word' id='word_1_216' title='bbox 1199 1906 1373 1944; x_wconf 87' lang='lat' dir='ltr'><strong>illorum</strong></span> 
     </span>
     <span class='ocr_line' id='line_1_41' title="bbox 738 1960 1374 2008; baseline 0.006 -12"><span class='ocrx_word' id='word_1_217' title='bbox 738 1962 1029 2008; x_wconf 76' lang='lat' dir='ltr'><strong>Excerptorum</strong></span> <span class='ocrx_word' id='word_1_218' title='bbox 1071 1960 1115 1996; x_wconf 89' lang='lat' dir='ltr'><strong>in</strong></span> <span class='ocrx_word' id='word_1_219' title='bbox 1153 1974 1273 1998; x_wconf 88' lang='lat' dir='ltr'><strong>usum</strong></span> <span class='ocrx_word' id='word_1_220' title='bbox 1306 1976 1374 2000; x_wconf 89' lang='lat' dir='ltr'><strong>no-</strong></span> 
     </span>
     <span class='ocr_line' id='line_1_42' title="bbox 738 2016 1371 2054; baseline 0.005 -3"><span class='ocrx_word' id='word_1_221' title='bbox 738 2021 842 2052; x_wconf 81' lang='lat' dir='ltr'><strong>strae</strong></span> <span class='ocrx_word' id='word_1_222' title='bbox 854 2016 1042 2052; x_wconf 82' lang='lat' dir='ltr'><strong>Herodoti</strong></span> <span class='ocrx_word' id='word_1_223' title='bbox 1059 2016 1252 2054; x_wconf 86' lang='lat' dir='ltr'><strong>editionis</strong></span> <span class='ocrx_word' id='word_1_224' title='bbox 1265 2019 1371 2054; x_wconf 87' lang='lat' dir='ltr'><strong>mihi</strong></span> 
     </span>
     <span class='ocr_line' id='line_1_43' title="bbox 738 2066 1374 2123; baseline 0.006 -16"><span class='ocrx_word' id='word_1_225' title='bbox 738 2071 895 2119; x_wconf 87' lang='lat' dir='ltr'><strong>copiam</strong></span> <span class='ocrx_word' id='word_1_226' title='bbox 929 2066 1057 2108; x_wconf 72' lang='lat' dir='ltr'><strong>facere</strong></span> <span class='ocrx_word' id='word_1_227' title='bbox 1085 2085 1165 2108; x_wconf 90' lang='lat' dir='ltr'><strong>non</strong></span> <span class='ocrx_word' id='word_1_228' title='bbox 1191 2086 1374 2123; x_wconf 79' lang='lat' dir='ltr'><strong>gravare-</strong></span> 
     </span>
     <span class='ocr_line' id='line_1_44' title="bbox 740 2127 1372 2178; baseline 0.006 -16"><span class='ocrx_word' id='word_1_229' title='bbox 740 2133 822 2162; x_wconf 88' lang='lat' dir='ltr'><strong>tur.</strong></span> <span class='ocrx_word' id='word_1_230' title='bbox 842 2128 950 2176; x_wconf 84' lang='lat' dir='ltr'><strong>Quas</strong></span> <span class='ocrx_word' id='word_1_231' title='bbox 971 2127 1019 2163; x_wconf 90' lang='lat' dir='ltr'><strong>ad</strong></span> <span class='ocrx_word' id='word_1_232' title='bbox 1046 2139 1177 2175; x_wconf 85' lang='lat' dir='ltr'><strong>preces</strong></span> <span class='ocrx_word' id='word_1_233' title='bbox 1199 2130 1372 2178; x_wconf 80' lang='lat' dir='ltr'><strong>benigne</strong></span> 
     </span>
     <span class='ocr_line' id='line_1_45' title="bbox 738 2181 1373 2231; baseline 0.008 -15"><span class='ocrx_word' id='word_1_234' title='bbox 738 2182 812 2218; x_wconf 88' lang='lat' dir='ltr'><strong>ille</strong></span> <span class='ocrx_word' id='word_1_235' title='bbox 850 2181 1078 2231; x_wconf 83' lang='lat' dir='ltr'><strong>respondit,</strong></span> <span class='ocrx_word' id='word_1_236' title='bbox 1114 2183 1224 2219; x_wconf 88' lang='lat' dir='ltr'><strong>nihil</strong></span> <span class='ocrx_word' id='word_1_237' title='bbox 1257 2187 1373 2222; x_wconf 87' lang='lat' dir='ltr'><strong>vehe—</strong></span> 
     </span>
     <span class='ocr_line' id='line_1_46' title="bbox 737 2238 1372 2289; baseline 0.006 -16"><span class='ocrx_word' id='word_1_238' title='bbox 737 2238 916 2274; x_wconf 86' lang='lat' dir='ltr'><strong>mentius</strong></span> <span class='ocrx_word' id='word_1_239' title='bbox 952 2250 991 2274; x_wconf 91' lang='lat' dir='ltr'><strong>se</strong></span> <span class='ocrx_word' id='word_1_240' title='bbox 1031 2250 1178 2286; x_wconf 87' lang='lat' dir='ltr'><strong>cupere</strong></span> <span class='ocrx_word' id='word_1_241' title='bbox 1193 2266 1203 2285; x_wconf 79' lang='lat'>‚</span> <span class='ocrx_word' id='word_1_242' title='bbox 1247 2253 1372 2289; x_wconf 87' lang='lat' dir='ltr'><strong>quam</strong></span> 
     </span>
     <span class='ocr_line' id='line_1_47' title="bbox 736 2293 1372 2344; baseline 0.006 -15"><span class='ocrx_word' id='word_1_243' title='bbox 736 2293 933 2330; x_wconf 86' lang='lat' dir='ltr'><strong>desiderio</strong></span> <span class='ocrx_word' id='word_1_244' title='bbox 946 2306 1033 2330; x_wconf 90' lang='lat' dir='ltr'><strong>meo</strong></span> <span class='ocrx_word' id='word_1_245' title='bbox 1049 2295 1275 2332; x_wconf 83' lang='lat' dir='ltr'><strong>satisfacere</strong></span> <span class='ocrx_word' id='word_1_246' title='bbox 1288 2309 1372 2344; x_wconf 81' lang='lat' dir='ltr'><strong>pos-</strong></span> 
     </span>
     <span class='ocr_line' id='line_1_48' title="bbox 737 2349 1371 2392; baseline 0.005 -8"><span class='ocrx_word' id='word_1_247' title='bbox 737 2360 797 2392; x_wconf 89' lang='lat' dir='ltr'><strong>se;</strong></span> <span class='ocrx_word' id='word_1_248' title='bbox 818 2349 882 2385; x_wconf 84' lang='lat' dir='ltr'><strong>sed</strong></span> <span class='ocrx_word' id='word_1_249' title='bbox 902 2349 950 2385; x_wconf 90' lang='lat' dir='ltr'><strong>de</strong></span> <span class='ocrx_word' id='word_1_250' title='bbox 969 2350 1075 2385; x_wconf 86' lang='lat' dir='ltr'><strong>iusta</strong></span> <span class='ocrx_word' id='word_1_251' title='bbox 1095 2350 1278 2386; x_wconf 81' lang='lat' dir='ltr'><strong>codicum</strong></span> <span class='ocrx_word' id='word_1_252' title='bbox 1300 2352 1371 2387; x_wconf 80' lang='lat' dir='ltr'><strong>ho-</strong></span> 
     </span>
     <span class='ocr_line' id='line_1_49' title="bbox 739 2404 1372 2442; baseline 0.003 -2"><span class='ocrx_word' id='word_1_253' title='bbox 739 2416 832 2440; x_wconf 84' lang='lat' dir='ltr'><strong>rum</strong></span> <span class='ocrx_word' id='word_1_254' title='bbox 873 2404 1124 2441; x_wconf 81' lang='lat' dir='ltr'><strong>instituenda</strong></span> <span class='ocrx_word' id='word_1_255' title='bbox 1153 2406 1372 2442; x_wconf 86' lang='lat' dir='ltr'><strong>collatione</strong></span> 
     </span>
     <span class='ocr_line' id='line_1_50' title="bbox 738 2461 1373 2509; baseline 0.006 -15"><span class='ocrx_word' id='word_1_256' title='bbox 738 2473 965 2507; x_wconf 86' lang='lat' dir='ltr'><strong>numquam</strong></span> <span class='ocrx_word' id='word_1_257' title='bbox 986 2472 1025 2496; x_wconf 88' lang='lat' dir='ltr'><strong>se</strong></span> <span class='ocrx_word' id='word_1_258' title='bbox 1043 2461 1250 2509; x_wconf 83' lang='lat' dir='ltr'><strong>cogitasse,</strong></span> <span class='ocrx_word' id='word_1_259' title='bbox 1271 2474 1373 2498; x_wconf 90' lang='lat' dir='ltr'><strong>non-</strong></span> 
     </span>
     <span class='ocr_line' id='line_1_51' title="bbox 738 2515 1368 2564; baseline 0.003 -14"><span class='ocrx_word' id='word_1_260' title='bbox 738 2515 817 2551; x_wconf 89' lang='lat' dir='ltr'><strong>nisi</strong></span> <span class='ocrx_word' id='word_1_261' title='bbox 827 2516 981 2551; x_wconf 85' lang='lat' dir='ltr'><strong>selectis</strong></span> <span class='ocrx_word' id='word_1_262' title='bbox 991 2515 1235 2564; x_wconf 84' lang='lat' dir='ltr'><strong>quibusdam</strong></span> <span class='ocrx_word' id='word_1_263' title='bbox 1250 2517 1293 2551; x_wconf 88' lang='lat' dir='ltr'><strong>in</strong></span> <span class='ocrx_word' id='word_1_264' title='bbox 1309 2517 1368 2553; x_wconf 76' lang='lat' dir='ltr'><strong>lo·-</strong></span> 
     </span>
     <span class='ocr_line' id='line_1_52' title="bbox 737 2570 1319 2619; baseline 0.002 -12"><span class='ocrx_word' id='word_1_265' title='bbox 737 2570 793 2607; x_wconf 84' lang='lat' dir='ltr'><strong>cis</strong></span> <span class='ocrx_word' id='word_1_266' title='bbox 816 2570 987 2607; x_wconf 88' lang='lat' dir='ltr'><strong>subinde</strong></span> <span class='ocrx_word' id='word_1_267' title='bbox 1006 2582 1069 2607; x_wconf 87' lang='lat' dir='ltr'><strong>eos</strong></span> <span class='ocrx_word' id='word_1_268' title='bbox 1091 2571 1319 2619; x_wconf 74' lang='lat' dir='ltr'><strong>inspexisse.</strong></span> 
     </span>
    </p>
   </div>
  </div>
 </body>
</html>
