1732 2951
245 163 301 196 12
451 145 866 198 VARIETAS
902 145 1344 197 LECTIONIS

239 262 398 305 maluit
415 264 479 303 Cl.
502 260 908 303 Jiel’skl'us.WVESS·
926 285 975 292 —
1011 263 1086 302 οἷπδ
1111 264 1230 304 τούτου
1249 265 1281 304 τ’
1305 267 1369 305 αἶεῖ
1393 266 1555 306 edeba‘-

240 327 311 361 tur
338 327 439 359 ante
475 319 675 361 Gronov.
705 318 843 368 idque
871 318 1098 358 revocavit
1128 317 1308 377 Schaes.
1337 327 1381 361 et
1412 321 1557 361 tenuit

237 375 386 417 Bor-h.
416 378 468 414 At
495 374 559 413 nit
585 387 697 425 opus
724 380 815 413 erat
842 372 1060 426 particula
1085 374 1391 428 conjunctiva,
1419 391 1556 429 quam

238 446 321 471 nec
345 432 462 471 ullus
483 444 506 468 e
527 429 686 469 nostris
707 430 836 468 codd.
861 429 1075 484 agnoscit.
1103 429 1337 480 Ejusmodi
1360 435 1553 486 asynde-

239 495 285 527 to
306 486 419 526 nihil
446 485 723 537 frequentius
749 485 872 538 apud
897 484 1126 525 Nostrum.
1184 486 1214 524 l.
1237 491 1299 528 15.
1323 491 1421 531 σφίσι
1439 487 1556 541 duaa)

239 545 474 583 Enotatum
504 542 591 580 hoc
615 555 667 581 ex
697 540 775 581 Pe.
804 540 876 581 Sic
901 553 1006 582 mox
1028 553 1122 593 cap.
1145 542 1182 580 5.
1205 542 1236 581 1.
1257 555 1295 582 2.
1319 546 1416 588 σφίσι
1437 545 1554 584 ἐοῦσαν

240 600 403 638 dedere
435 597 519 636 Pa.
546 600 569 633 k
585 610 623 636 c.
646 596 727 636 Pe.
772 596 1020 647 Utrobique
1046 600 1158 641 σφίσιν
1181 599 1414 654 vulgatum
1443 607 1556 649 erat,

240 653 481 703 utrobique
500 659 647 693 autern
671 663 733 698 σφι
760 666 840 692 sua
867 651 1128 693 auctoritate
1151 660 1359 704 posuerat
1374 653 1557 710 Schaqf.

298 709 446 752 CAP·
470 708 530 750 V·
554 706 663 749 Lin.
688 723 720 748 ι.
745 706 905 760 Πέρσαι)
927 709 1098 748 Desunt
1126 711 1252 759 Πέρσαι
1282 707 1487 749 Vindob.
1514 715 1558 751 et

238 765 386 808 Arclz.
405 766 549 804 Habet
571 771 716 804 tamen
738 776 906 816 margo.
923 766 1077 804 W'Ess.
1134 764 1164 802 l.
1187 768 1223 806 3.
1246 765 1308 805 οὐκ
1330 763 1461 817 &at-07..)
1488 766 1557 814 ου’χ,

238 823 293 863 F.
315 823 398 860 Pa.
416 820 497 859 Pe.
517 820 791 874 negligentes
812 818 1082 870 Ionismum,
1102 818 1174 858 cui
1193 818 1240 858 in
1261 819 1410 872 operis
1429 833 1557 873 prae-

237 876 389 917 sertim
410 875 541 915 initio
564 877 767 915 nondum
788 875 959 914 adsueti
978 881 1102 915 erant
1125 874 1312 915 librarii.
1369 876 1399 914 l.
1415 887 1455 925 4.
1474 878 1560 926 Πέρ-

239 931 346 985 σῃσι)
374 935 532 982 Πέρσῃσιν
556 931 690 970 Pass.
709 929 862 969 addito
887 949 900 970 ν
923 929 1069 982 finali,
1093 931 1216 981 quod
1235 930 1282 970 in
1304 929 1558 971 istiusmodi

236 986 500 1027 nominibus
526 988 858 1037 verborumque
883 985 1270 1026 terminationibus
1304 986 1373 1027 illi
1394 989 1559 1027 solem-

237 1056 309 1082 ne.
339 1044 482 1082 Wssss
515 1041 561 1080 in
582 1041 824 1081 Addendis.
853 1063 889 1069 -
931 1041 1004 1081 Sic
1036 1048 1078 1081 et
1101 1041 1240 1081 nostri
1266 1043 1322 1083 Ε
1350 1042 1438 1082 Pb.
1467 1042 1556 1083 Pd-

237 1098 358 1140 Ead.
380 1099 408 1137 l.
426 1096 542 1149 οὕτω)
567 1097 668 1142 εἴτ-ως
688 1095 860 1138 Medic.
881 1096 966 1136 οὕτω
983 1098 1137 1138 Aldus
1154 1106 1196 1137 et
1215 1111 1378 1154 magno
1399 1112 1558 1138 nume·

237 1168 289 1194 ro
304 1153 405 1193 alii:
430 1168 511 1192 nec
527 1152 595 1192 illi
615 1154 741 1192 male.
772 1152 886 1193 Vide
907 1153 1053 1193 Gron.
1067 1154 1122 1192 ad
1136 1152 1215 1192 lib.
1237 1155 1272 1193 Ι.
1292 1168 1327 1194 c.
1346 1168 1383 1206 9.
1399 1155 1556 1194 Wtss.

236 1232 289 1240 --
314 1209 491 1250 Scilicet
519 1223 659 1260 quum
697 1205 963 1249 Gronovius
988 1210 1032 1248 h.
1061 1209 1091 1249 1.
1124 1223 1176 1248 ex
1198 1223 1280 1249 suo
1309 1209 1435 1250 Med.
1455 1209 1559 1256 οὕτως

237 1264 465 1314 edidisset,
497 1270 643 1304 tamen
672 1263 835 1303 deinde
863 1277 957 1316 cap.
977 1279 1015 1316 9.
1041 1272 1084 1302 et
1106 1279 1169 1303 11.
1194 1278 1247 1304 ex
1273 1266 1432 1304 eodem
1457 1266 1558 1304 cod-

235 1320 321 1360 οὕτω
350 1319 549 1360 laudavit
568 1319 914 1372 adoptavitque‚
948 1319 1026 1359 ubi
1047 1321 1106 1358 ob
1137 1327 1397 1370 sequentem
1425 1333 1559 1360 voca-

237 1377 323 1416 lem
348 1377 450 1422 οῧτως
470 1376 606 1431 vulgo
623 1376 867 1430 legebatur.
894 1376 1067 1415 Tenent
1088 1381 1238 1415 autem
1259 1377 1304 1414 h.
1325 1376 1354 1414 1.
1369 1375 1454 1416 οὕτω
1475 1389 1558 1415 no-

235 1430 313 1471 stri
330 1431 504 1471 codices
521 1445 689 1471 omnes.
747 1428 869 1472 Ibid.
881 1428 1052 1483 ἁρπαγῇ)
1067 1430 1384 1481 ἁρπαγῆςΑνεΙι.
1400 1432 1510 1471 was
1522 1444 1557 1472 s.

237 1487 267 1526 l.
288 1493 322 1529 5.
346 1490 478 1532 λέγουσι
497 1488 671 1533 α’γοιγεῖν)
700 1489 851 1531 λέγουσιν
878 1487 921 1525 h·
945 1488 975 1526 l.
997 1494 1039 1526 et
1063 1487 1220 1538 paullo
1240 1494 1342 1527 ante
1366 1485 1555 1539 [paullo

227 1550 347 1597 post
362 1571 372 1586 ‚
401 1549 507 1594 puto
523 1573 534 1591 ‚
561 1541 754 1582 scribere
784 1543 1009 1594 voluerat,
1029 1541 1124 1583 scil.
1146 1543 1175 1581 1.
1196 1541 1283 1596 10.]
1312 1543 1465 1583 Aldus
1491 1549 1556 1582 at-

238 1613 326 1650 que
356 1597 455 1646 alii,
498 1597 660 1648 quibus
694 1597 741 1636 in
775 1611 927 1638 amore
961 1604 1024 1638 est
1048 1617 1062 1638 ν
1087 1596 1233 1637 finale.
1281 1597 1435 1639 Statim
1461 1597 1555 1643 οἴγειν

235 1654 385 1695 Arch.
415 1650 559 1693 Vind.
591 1654 753 1694 Venet.
767 1653 935 1694 Wssss.
949 1676 999 1683 —
1021 1652 1115 1698 οἴγειν
1131 1655 1297 1694 habent
1317 1653 1448 1694 etiam
1468 1653 1554 1693 Pb.

237 1709 329 1749 Pd.
360 1709 437 1749 Pe.
460 1711 538 1748 sed
566 1711 799 1765 vulgatum
826 1711 971 1755 οἷγαγεῖν
1005 1715 1157 1749 tenent
1183 1710 1240 1750 F.
1265 1708 1353 1749 Pa.
1379 1710 1463 1750 Pe.
1496 1708 1555 1748 In

236 1767 388 1809 λέγουσιν
411 1766 453 1803 h.
479 1766 508 1803 l.
537 1771 577 1804 et
597 1766 626 1804 l.
657 1779 718 1804 ιο.
751 1779 851 1805 cum
883 1764 1011 1805 Aldo
1040 1764 1259 1804 consentit
1285 1765 1343 1805 F.
1370 1763 1556 1816 Reliqui

237 1822 370 1864 λέγουσι
397 1827 570 1859 tenent:
602 1822 680 1861 sed
703 1823 790 1860 hoc
811 1822 912 1860 leve
941 1818 1164 1860 varietatis
1189 1834 1328 1874 genus
1344 1852 1355 1873 ‚
1389 1827 1439 1860 ut
1463 1819 1554 1859 iam

237 1888 371 1928 supra
397 1875 620 1928 professus
639 1890 757 1928 sum,
776 1875 956 1917 silentio
972 1878 1157 1927 posthac
1178 1876 1448 1929 praeteribo,
1467 1874 1556 1915 nisi

239 1932 294 1970 de
315 1944 368 1970 eo
393 1946 541 1971 rursus
569 1931 793 1971 monuerit
819 1930 1079 1985 Wesseling.
1136 1933 1165 1972 l.
1183 1931 1379 1984 6.”Αρ’γεϊ)
1410 1931 1556 1972 SicF.

238 1993 280 2025 et
302 1985 379 2025 alii
397 2001 498 2026 cum
513 1987 654 2027 Aldo.
686 1987 741 2026 In
759 1988 826 2026 ed.
845 1986 991 2028 Gron.
1017 1988 1167 2028 Wess.
1191 1994 1233 2027 et
1253 1985 1383 2027 Reiz.
1403 1988 1555 2042 negle-

239 2048 306 2081 cta
327 2048 449 2082 erant
466 2048 633 2094 puncta
655 2041 903 2082 diaeretica.
961 2042 1031 2082 Ib.
1051 2042 1154 2096 νηός)
1175 2044 1242 2089 νεός
1258 2043 1314 2083 F.
1329 2041 1414 2082 Pe.
1473 2043 1553 2093 l.7.

238 2095 371 2148 ioth-a)
398 2094 483 2137 οῧσκ
508 2096 594 2137 Pb.
623 2097 706 2137 PC.
736 2097 810 2138 Pe.
881 2098 910 2137 l.
945 2099 982 2137 8.
1009 2096 1279 2151 συνεκπλῶσαι)
1305 2101 1553 2138 συνεκπλεῦσοιι

238 2150 400 2191 Paris.
425 2153 477 2193 C.
504 2152 667 2193 Venet.
690 2167 840 2206 prave.
867 2155 1022 2193 WEss.
1047 2177 1102 2184 —
1136 2153 1207 2194 Sic
1233 2153 1373 2193 nostri
1396 2152 1482 2192 Pb.
1509 2156 1556 2192 et

238 2205 322 2247 Pe.
357 2209 550 2259 Utraque
566 2208 692 2248 verbi
715 2209 860 2248 forma
886 2209 1118 2249 Herodoto
1144 2216 1377 2262 usurpata3
1404 2207 1555 2261 (conf.

240 2275 276 2303 c.
294 2277 328 2302 ι.
340 2270 446 2303 extr.
464 2264 541 2304 IV.
566 2278 654 2314 147·
670 2271 712 2304 et
728 2264 850 2318 149·)
865 2266 942 2304 sed
957 2264 1096 2318 magis
1116 2264 1392 2315 frequentata
1407 2264 1555 2316 prior,

241 2332 355 2371 quac
388 2318 574 2359 Ionibus
604 2319 800 2372 propria.
876 2321 903 2357 l.
933 2336 971 2373 9.
1005 2322 1130 2371 Πέρσαι
1156 2320 1223 2372 τε)
1256 2322 1490 2371 Respuunt
1518 2335 1555 2358 τε

248 2373 393 2416 Vind.
407 2374 553 2416 ΑῙὌῘΙ.
569 2377 723 2414 WESS.
739 2400 793 2407 --
809 2374 881 2414 Sic
897 2383 937 2414 et
960 2374 1043 2413 Pb.
1101 2375 1130 2414 l.
1155 2392 1166 2413 1
1179 2388 1215 2414 2.
1237 2373 1394 2428 πρῶτον)
1411 2374 1556 2413 Abest

231 2427 396 2470 ⁹vocab-
419 2430 500 2470 Pe.
556 2430 628 2472 [ᾖ.
641 2429 761 2470 ἀδίκων
778 2428 911 2484 ἔργων)
932 2429 1060 2475 danim
1073 2448 1107 2470 τε
1123 2435 1181 2470 καὶ
1196 2432 1330 2470 α’νοσίων
1348 2429 1450 2482 ἔργων
1464 2428 1554 2470 Pd-
