1732 2951
252 297 310 331 v1
634 287 1167 338 PRAEFATIO.

252 396 413 437 deinde
451 397 698 440 Lectiones
734 415 757 440 e
794 408 926 442 sexto
969 403 1161 453 quodam
1204 397 1353 456 Regio
1389 396 1565 442 Codice

250 472 453 505 enotatae
470 496 481 516 ‚
515 466 592 517 qui
616 467 799 517 quidem
824 468 1003 507 nonnisi
1036 470 1300 523 Fragmenta
1323 467 1563 517 nonnulla,

249 529 351 570 satis
368 538 516 570 tamen
535 532 612 571 illa
633 533 868 585 notabilia,
891 533 1187 573 Historiarum
1208 532 1427 573 Herodoti
1444 545 1564 571 eom-

250 598 480 649 plectitur:
525 607 914 651 accesseruntque,
953 600 1149 653 primum
1165 631 1176 649 ‚
1218 616 1240 640 e
1276 599 1565 639 membrana-

251 678 330 704 ceo
351 656 535 705 vetusto
559 664 733 706 Codice
756 663 954 711 Italico,
978 666 1200 721 integrum
1227 665 1463 718 Scriptoris
1485 679 1564 705 no-

250 730 327 771 stri
348 744 460 783 opus
491 731 754 784 exhibente,
786 746 931 783 neque
955 747 1172 784 umquam
1207 741 1336 771 antea
1359 745 1539 773 excusso
1555 762 1566 784 ‚

252 805 482 850 excerptae
506 798 755 851 Lectiones,
782 813 805 838 a
825 801 857 838 C
871 813 893 837 n
909 813 932 837 f,
947 813 972 837 υ
988 813 1008 837 z
1026 813 1048 838 E
1063 813 1086 838 n
1100 813 1126 837 o
1140 830 1151 851 ‚
1176 798 1568 853 Heidelbergensis

253 863 531 903 Academiae
561 866 743 916 decore,
774 878 911 916 penes
937 878 1069 916 quem
1097 873 1201 904 tunc
1223 865 1258 904 is
1289 866 1427 904 codex
1450 873 1538 904 erat
1557 895 1569 917 ,

251 931 370 970 ultro
391 930 505 970 mihi
536 932 736 980 oblatae3
772 943 988 981 moxque,
1021 931 1151 971 veniit
1173 933 1228 970 ab
1251 931 1411 970 illustri
1434 945 1568 970 mem-

252 995 490 1035 branarum
512 1009 785 1048 possessore,
814 998 993 1035 Lmnno
1020 998 1213 1036 Binoxn
1245 1011 1302 1035 nr.
1330 998 1568 1036 SCHEL-

251 1063 423 1124 LERS
439 1064 478 1101 H
493 1064 612 1103 EIM
634 1094 645 1114 ,
686 1060 941 1120 Eisbergae
981 1061 1278 1116 aliorumque
1320 1061 1370 1102 in
1416 1065 1570 1103 Wese-

244 1126 416 1182 plzalia
452 1129 667 1169 locorum
708 1127 929 1175 domino,
978 1143 1058 1181 per
1105 1129 1300 1168 eiusdem
1344 1127 1571 1171 Creuzeri

252 1197 373 1248 apud
396 1196 526 1235 illum
560 1195 754 1248 gratiam
788 1201 829 1234 et
862 1194 908 1233 in
935 1209 1004 1234 me
1035 1195 1396 1235 benevolentiam
1426 1195 1571 1248 impe-

254 1264 364 1301 trata
380 1293 391 1314 7
415 1261 536 1314 ipsae
558 1262 665 1301 illae
686 1260 1085 1314 praestantissimae
1108 1262 1398 1301 Membranae
1419 1263 1475 1301 ad
1500 1275 1570 1300 mc

254 1327 530 1367 transmissae
545 1359 556 1379 ,
580 1341 825 1378 earumque
843 1340 973 1366 usura
992 1326 1035 1365 in
1055 1335 1227 1367 tantum
1250 1327 1462 1380 temporis
1478 1341 1573 1379 spa-

254 1393 392 1444 tium,
428 1403 642 1445 quantum
666 1393 883 1446 mihiipsi
911 1395 1198 1433 commodum
1223 1393 1369 1434 visum
1397 1394 1569 1446 fuisset,

253 1473 384 1514 supra
411 1475 544 1512 quam
568 1461 657 1500 dici
679 1467 823 1514 potest
853 1459 1097 1500 liberaliter
1129 1473 1346 1500 concessa.

311 1597 493 1634 Hiscn
523 1595 720 1636 munitus
749 1594 1005 1648 praesidiis,
1046 1597 1100 1635 de
1135 1595 1296 1646 quibus
1322 1595 1368 1634 in
1403 1594 1574 1634 Praesa-

256 1662 378 1702 tionc
419 1662 544 1702 alteri
594 1662 711 1702 Parti
755 1663 888 1702 huius
933 1662 1064 1702 Tomi
1111 1662 1348 1714 praemissa
1392 1660 1572 1701 uberius

256 1742 505 1781 exponam,
540 1743 589 1768 ae
612 1727 985 1783 praecipuarum
1017 1743 1299 1780 quarumque
1329 1726 1574 1768 Herodoti

255 1793 538 1836 Editionmn
569 1798 775 1848 exemplo
808 1796 1067 1847 instructus,
1105 1802 1339 1847 postquam
1371 1793 1571 1833 intellexi

255 1864 378 1902 haud
421 1862 637 1917 ingratam
679 1863 774 1902 fore
821 1862 960 1901 doctiS
1001 1861 1266 1901 studiosisve
1313 1860 1571 1901 hominibus

256 1942 442 1981 operam
481 1936 678 1969 nostram
718 1930 950 1968 Herodoto
988 1929 1266 1979 navandam,
1299 1927 1489 1979 primam
1524 1928 1570 1966 in

257 2009 310 2034 eo
338 1994 690 2051 diligentemque
721 1995 853 2047 posui
887 2009 1062 2041 euram,
1097 2002 1143 2033 ut
1172 2008 1224 2032 ex
1255 1992 1426 2032 collatis
1457 1993 1574 2033 inter

255 2075 301 2102 se
323 2059 515 2101 dirersis
546 2059 874 2105 Lectionibus,
905 2074 1011 2110 quas
1041 2061 1095 2098 ad
1126 2073 1352 2111 quemque
1382 2058 1573 2112 Scripto-

257 2127 316 2167 ris
338 2127 475 2167 nostri
495 2129 646 2166 locum
668 2129 737 2166 vel
756 2125 1130 2180 W'esselingianus
1147 2127 1383 2178 adparatus
1405 2126 1475 2164 vel
1496 2138 1573 2165 no.

255 2202 368 2233 strae
401 2193 532 2234 nobis
568 2193 723 2246 copiae
761 2190 1031 2245 offerebant,
1073 2207 1168 2233 eam
1197 2192 1429 2247 seligerem
1464 2193 1572 2231 ado-

257 2268 540 2315 ptaremque,
570 2274 684 2312 quae
707 2266 782 2299 aut
804 2259 908 2298 citra
937 2259 1283 2299 controversiam
1315 2272 1576 2311 repraesen-

258 2334 348 2366 tare
382 2324 636 2383 genuinam
678 2323 910 2367 Auctoris
951 2324 1241 2379 scripturam
1278 2332 1351 2365 aut
1385 2326 1438 2364 ad
1479 2339 1575 2365 eam

256 2394 462 2446 proxime
481 2396 690 2434 accedere
710 2393 963 2443 videretur;
989 2408 1078 2447 quo
1098 2393 1352 2434 admirabili
1375 2393 1481 2433 huic
1502 2407 1576 2432 an-

254 2459 474 2511 tiquitatis
503 2470 796 2501 monumento
827 2461 1002 2500 nativus
1023 2476 1127 2501 suus
1153 2463 1276 2502 color
1294 2468 1427 2513 atque
1446 2459 1576 2499 habi-

258 2534 347 2579 tus,
383 2529 533 2580 quoad
560 2527 655 2567 fieri
689 2534 861 2580 posset,
897 2528 1214 2569 restitueretur.
1268 2529 1400 2584 Quod
1434 2541 1573 2581 quum
