1732 2951
525 222 760 270 LIBRI
808 220 1075 269 PRIMI.
1359 219 1457 279 485

154 340 369 392 Harpago
385 348 540 376 carnes
553 333 638 374 filii
655 333 951 374 comedendas
967 329 1165 385 adponit.
1182 331 1227 381 (1
1240 332 1332 383 19.)
1354 334 1464 384 Cya-

154 406 303 445 xares‚
336 389 658 432 deliberatione
689 403 790 429 cum
809 387 951 442 Magis
978 386 1201 438 instituta,
1226 384 1465 438 impletum

151 448 319 489 somnii
338 447 479 487 fatum
500 446 701 490 credens,
722 445 894 484 salvum
914 456 1105 495 puerum
1126 443 1184 481 ad
1196 448 1399 494 parentes
1415 442 1460 479 in

153 504 349 545 Persiam
375 500 571 541 dimittit.
591 502 708 549 (120.
735 497 857 550 121.)
888 499 1020 537 Fama
1039 510 1186 550 sparsa
1211 499 1266 536 de
1292 495 1463 536 nutrice

150 558 274 600 illius
300 572 424 599 cane.
448 555 563 610 (122.
579 555 683 596 coll.
705 567 744 593 c.
764 551 884 605 110.)

209 616 446 668 Harpagus
459 643 471 663 ‚
490 611 606 665 regis
629 609 734 649 odio
748 639 760 661 7
786 607 1039 648 exstimulat
1056 605 1236 664 Cyrum
1255 608 1464 646 adversus

155 683 318 722 avum,
334 668 472 708 literis
490 664 632 706 missis
654 663 833 716 corpori
852 662 1018 715 leporis
1036 661 1274 702 exenterati
1293 661 1462 702 insutis.

153 726 279 775 (123.
302 723 420 774 ¹24·)
461 723 720 763 Persarum
750 716 920 759 diversi
939 715 1135 771 populi,
1163 731 1274 769 quos
1300 716 1463 756 callido

156 780 342 819 invento
360 778 517 833 Cyrus
538 777 595 815 ad
612 773 905 814 desectionem
929 787 954 812 a
970 771 1114 812 Medis
1134 772 1324 825 inpellit.
1347 770 1464 824 (125.

160 835 283 885 126.)
303 830 434 875 Medi
453 831 622 884 praelio
644 829 732 870 fusi
747 843 772 868 a
787 826 962 869 Persis.
983 826 1137 880 (127.)
1165 830 1316 867 Altero
1336 840 1464 879 prae-

158 890 221 930 lio
247 888 479 945 Astyages
513 887 642 926 vivus
679 885 849 937 capitur
879 898 903 923 a
933 882 1218 939 Cyro-(198.
1242 886 1355 934 129.)
1400 883 1465 924 Ita

159 947 337 984 Crixus
359 952 402 982 et
422 943 635 983 Persae
662 937 903 993 superiori
920 936 1042 980 Asia
1060 936 1215 991 potiti
1238 945 1374 984 sunt,
1391 937 1465 977 cui

157 1013 239 1053 per
266 1000 342 1038 128
368 1011 510 1037 annos
530 994 662 1038 Medi
689 995 1030 1048 imperaverant.
1052 994 1206 1047 (130.)

214 1054 473 1095 Persarum
494 1049 733 1093 instituta.
773 1050 851 1090 Dii
883 1057 926 1089 et
956 1048 1319 1099 sacrificia.(131.
1347 1048 1466 1099 132.)

159 1111 345 1151 Mores.-
383 1109 503 1148 diem
532 1108 728 1147 natalem
756 1105 918 1145 festum
950 1111 1108 1160 agunt:
1140 1118 1229 1156 quo
1255 1104 1374 1144 victu
1398 1103 1466 1142 vi-

158 1171 284 1204 vant:
306 1164 413 1203 vino
434 1163 692 1217 indulgent:
721 1174 877 1200 eorum
896 1159 1188 1200 verecundia:
1207 1165 1465 1211 compotan-

158 1227 223 1260 tes
248 1219 509 1259 deliberant.
529 1218 680 1268 (133.)
722 1215 948 1257 Osculatio
975 1222 1017 1255 et
1041 1215 1241 1255 adoratio
1270 1217 1466 1254 salutan-

161 1274 297 1315 tium:
323 1273 633 1314 observantiae
659 1273 800 1313 cultus
825 1271 942 1311 inter
957 1270 1153 1311 vicinos:
1183 1284 1319 1322 quam
1344 1271 1402 1309 de
1421 1282 1466 1309 se

161 1329 249 1383 ipsi
276 1332 467 1370 habeant
492 1328 772 1381 opinionem.
801 1325 953 1380 (134.)
995 1327 1208 1366 Externos
1228 1338 1374 1365 mores
1401 1324 1468 1364 sa-

163 1385 329 1426 cillime
352 1383 610 1425 adsciscunt.
641 1382 790 1433 (135.)
838 1385 1082 1422 Numerosa
1113 1383 1291 1422 soboles
1329 1378 1468 1434 patri-

162 1442 245 1480 bus
268 1441 392 1480 laudi
415 1447 457 1480 et
481 1438 668 1479 honori:
696 1438 942 1478 liberorum
968 1437 1186 1477 educatio.
1206 1436 1355 1488 (136.)
1383 1437 1468 1474 1111-

165 1496 355 1536 munitas
382 1509 407 1535 a
438 1508 587 1548 poena
613 1492 793 1545 capitali
821 1495 880 1532 ob
906 1507 1049 1533 unum
1075 1494 1221 1532 solum
1240 1493 1467 1531 delictum.

163 1550 465 1591 Parricidium
492 1563 585 1589 non
612 1550 795 1589 credunt
821 1547 918 1588 fieri
939 1562 1079 1600 posse.
1102 1547 1255 1600 (137.)
1284 1547 1468 1586 Menda-

166 1605 285 1652 cium
305 1614 346 1646 ct
365 1620 436 1647 aes
459 1605 656 1645 alienum
676 1618 744 1644 res
764 1603 968 1643 omnium
986 1602 1259 1655 turpissimas
1279 1603 1469 1641 ducunt:

165 1663 290 1714 lepra
311 1660 492 1701 adfectis
520 1666 595 1700 aut
622 1659 842 1713 vitiligine
870 1659 979 1710 quid
1005 1657 1179 1698 faciant.
1210 1655 1471 1696 Fluminum

167 1718 323 1757 cultus.
345 1717 497 1768 (138.)
527 1712 739 1756 ,Nomina
762 1713 913 1753 omnia
941 1712 1140 1753 desinere
1164 1712 1212 1751 in
1230 1711 1403 1752 literam
1423 1711 1470 1751 S.

167 1773 322 1823 (139.)
357 1773 603 1824 Sepultura.
647 1767 782 1825 stlagi
812 1770 1043 1809 Persarum
1063 1774 1106 1808 et
1123 1769 1370 1809 sacerdotes
1386 1768 1470 1806 Ae-

167 1827 430 1882 gyptiorum
452 1840 539 1877 qua
564 1826 612 1864 in
633 1839 680 1865 re
704 1821 920 1865 differant.
943 1825 1092 1875 (140.)

224 1883 427 1923 Ionum
448 1889 490 1921 et
517 1878 889 1925 Aeolensium
914 1878 1092 1933 legatis,
1121 1879 1282 1918 Sardes
1304 1876 1470 1928 missis,

171 1936 214 1978 C
206 1951 326 1994 yrus
344 1938 538 1977 fabulam
552 1942 701 1975 narrat
717 1938 771 1975 de
791 1934 973 1975 tibicine
988 1942 1030 1974 et
1046 1933 1263 1987 piscibus:
1279 1946 1368 1985 quo
1386 1946 1474 1973 me-

169 2000 216 2031 tu
238 1992 304 2032 illi
325 1992 463 2033 territi
481 1992 675 2045 (praeter
691 1988 928 2035 Milesios,
950 1991 1214 2041 quibuscum
1234 1988 1392 2029 foedus
1409 1987 1475 2027 fe-

172 2046 319 2100 cerat)
348 2048 515 2100 oppida
540 2046 771 2097 muniunt,
809 2053 851 2085 et
871 2047 1069 2098 Spartam
1092 2047 1258 2099 legatos
1279 2043 1474 2084 mittunt.

173 2101 326 2156 (141.)
366 2101 599 2143 Ionicae
639 2099 907 2142 civitates
939 2099 1184 2141 duodecim
1200 2130 1212 2152 ⁷
1245 2098 1476 2140 communi

171 2157 344 2199 Ionum
369 2157 551 2197 nomine
582 2155 735 2211 (quod
756 2163 971 2209 respuunt
989 2156 1068 2196 alii
1090 2155 1252 2208 populi
1276 2155 1476 2196 eiusdem

171 2212 348 2265 stirpis)
372 2214 587 2267 gaudent,
617 2219 658 2252 et
680 2212 907 2252 communi
925 2211 972 2251 in
993 2213 1094 2252 1000
1119 2224 1269 2263 sacro,
1294 2210 1366 2250 cui
1386 2211 1478 2250 Pa-

173 2266 392 2308 nionium
418 2282 610 2319 nomen,
639 2267 935 2318 conveniunt,
967 2280 1294 2317 communeque
1316 2266 1476 2308 festum

172 2321 418 2364 Panionia
437 2324 673 2363 celebrant.
692 2321 812 2376 (³42·
839 2327 925 2373 143.
948 2323 1055 2364 coll.
1075 2336 1114 2362 c.
1137 2324 1247 2372 148.)
1264 2320 1478 2361 Similiter

175 2376 375 2431 quinque
392 2377 611 2420 Dorien
623 2393 704 2419 ses
728 2375 937 2418 civitates
957 2377 1091 2431 (olim
1105 2391 1202 2429 sex,
1218 2376 1479 2429 priusquam

176 2436 482 2474 excluderetur
498 2431 906 2486 Halicarnassus)
935 2435 994 2473 ad
1016 2433 1233 2484 templum
1265 2431 1306 2471 T
1303 2427 1481 2483 riopici

176 2487 418 2542 Apollinis
430 2503 667 2530 commune
678 2502 850 2530 sacrum
863 2490 1083 2540 ludosque
1099 2484 1483 2539 celebrant-(144.)
