1732 2951
322 237 417 270 xxv
669 221 1215 270 PRAEFATIO.

321 335 689 391 praestantissimi
722 334 819 376 Viri
855 335 1021 373 candor
1045 340 1088 373 ct
1111 333 1371 374 humanitas
1400 333 1518 389 suit)
1544 347 1634 388 quo

322 414 447 452 daret
476 409 646 460 aliquid
671 415 709 447 et
735 406 1031 459 praeceptoris
1059 406 1167 445 olim
1192 406 1262 446 sui
1294 408 1560 462 memoriae,
1592 414 1634 449 et

322 482 510 524 omnino
533 478 705 519 nomini
729 477 1031 519 Gronov-iano
1047 507 1058 523 ‚
1096 480 1218 529 quod
1240 480 1299 519 ob
1327 486 1513 531 paterna
1542 495 1634 520 ma-

320 556 439 598 xime
479 551 633 593 merita
669 563 831 605 magno
865 551 985 602 apud
1020 552 1206 589 Batavos
1243 548 1290 588 in
1323 551 1497 592 honore
1529 559 1635 593 erat.

319 629 365 670 Si
386 626 565 679 quando
591 631 734 663 tamen
766 623 914 662 honae
940 621 1079 676 frugis
1104 621 1334 678 quidpiam
1352 652 1363 673 9
1389 625 1508 674 quod
1530 639 1634 677 per-

319 714 424 741 raro
445 697 625 750 quidem
646 694 759 734 mihi
778 708 856 734 usu
881 694 1035 734 venire
1058 693 1266 745 memini,
1286 693 1332 732 in
1356 694 1480 735 Notis
1499 696 1634 737 huius

320 772 406 813 viri
431 767 599 822 reperi,
623 767 743 818 quod
767 766 823 804 ad
844 765 1157 804 illustrandum
1183 764 1344 804 faceret
1362 765 1635 818 Scriptorem

320 851 549 891 nostrum,
584 852 674 877 non
698 837 744 876 id
774 836 1092 891 negligendum
1128 835 1308 888 putavi,
1339 838 1415 876 sed
1443 836 1635 879 fideliter

318 915 423 955 inde
452 917 706 964 excerptum
738 908 927 961 adposui
965 907 1238 947 Lectoribus.
1288 907 1480 960 Reliqua
1520 923 1635 962 quae

327 979 717 1040 wesseling-lanis
736 988 807 1020 aut
832 978 1142 1020 Valckenarii
1158 980 1537 1022 Adnotationibus
1554 983 1634 1022 ad-

316 1057 426 1107 ieci,
452 1054 614 1109 partim
643 1067 696 1092 ex
727 1052 940 1092 Virorum
977 1053 1213 1092 doctorum
1248 1052 1421 1105 scriptis
1449 1054 1631 1106 publice

316 1130 445 1170 editis
483 1127 708 1181 (quorum
751 1138 998 1175 quemque,
1035 1124 1101 1164 uti
1134 1138 1218 1177 par
1254 1133 1372 1178 erat,
1410 1139 1490 1165 suo
1527 1127 1629 1167 loco

314 1196 535 1251 laudavi)
574 1202 935 1248 excerpta³sum3
974 1196 1028 1234 de
1058 1196 1210 1236 multis
1245 1196 1376 1235 etiam
1413 1196 1630 1249 privatim

313 1287 386 1314 me
413 1269 576 1311 eruditi
597 1267 742 1308 Amici
764 1273 1057 1319 monuerunt,
1084 1266 1129 1306 in
1162 1267 1324 1319 quibus
1354 1281 1459 1320 prae
1486 1276 1628 1309 caete-

313 1346 372 1386 ris
410 1337 792 1385 Boissonadi
828 1340 917 1379 mci
944 1347 985 1379 et
1021 1340 1257 1395 singularis
1293 1340 1627 1394 benivolentia,

312 1426 355 1458 et
389 1414 728 1467 exquisitissima
761 1413 962 1453 doctriua
982 1443 993 1464 ,
1030 1419 1071 1452 et
1103 1412 1373 1452 indefessum
1401 1414 1456 1453 de
1483 1428 1553 1454 mc
1585 1420 1627 1454 et

312 1492 366 1530 (lc
390 1489 620 1528 Herodoto
650 1492 800 1525 nostro
829 1487 942 1525 benc
969 1485 1171 1525 merendi
1196 1485 1393 1525 studium
1423 1487 1626 1528 eminuit.

310 1564 438 1616 Quae
458 1562 513 1599 ‹le
537 1573 635 1599 meo
656 1558 866 1611 adiunxi,
890 1558 935 1597 in
957 1558 1025 1598 his
1051 1558 1164 1597 illud
1187 1557 1379 1597 maxime
1403 1559 1622 1611 spectavi,

310 1641 358 1673 ut
385 1632 545 1686 partim
579 1639 805 1684 receptam
839 1645 862 1670 a
894 1645 963 1670 mc
993 1629 1281 1683 scripturam,
1309 1630 1453 1670 sicubi
1482 1631 1624 1672 dubia.

308 1703 540 1744 nonnullis
563 1710 709 1756 posset
733 1702 901 1754 videri,
928 1717 1010 1742 nec
1035 1702 1158 1742 illam
1187 1703 1276 1742 iam
1297 1702 1399 1742 satis
1420 1703 1467 1742 in
1504 1704 1624 1750 ἴαν.

306 1777 434 1817 Lect.
451 1775 736 1816 adseruisscm
754 1804 763 1822 ‚
791 1777 939 1827 quoad
966 1774 1057 1814 ficri
1078 1783 1224 1828 posset
1246 1774 1519 1815 vindicarem
1539 1783 1623 1816 sta—

306 1847 599 1899 biliremque3
618 1846 782 1900 partim
808 1855 853 1886 ut
872 1847 1108 1900 Scriptoris
1125 1847 1389 1887 sententiam
1408 1853 1622 1888 mentem-

308 1934 415 1971 que,
443 1933 576 1970 quam
603 1920 723 1958 haud
753 1919 910 1972 paucis
939 1919 985 1958 in
1018 1918 1128 1958 locis
1152 1932 1309 1971 parum
1335 1926 1449 1958 recte
1469 1933 1622 1971 perce-

306 1999 427 2043 ptam
450 1992 586 2045 vulgo
614 1998 690 2030 aut
714 2004 894 2043 prorsus
923 1989 969 2029 in
990 1990 1182 2029 alienam
1207 1997 1376 2041 partem
1403 1991 1623 2032 detortam

305 2063 420 2115 vidi,
447 2062 739 2115 patefacerem
774 2064 1160 2114 cnuclearcmque.
1203 2064 1254 2101 In
1288 2061 1622 2114 disquisitiones

304 2136 360 2173 ad
384 2133 725 2174 reconditiorcm
753 2142 945 2175 veterem
978 2134 1247 2186 Historiam,
1283 2136 1341 2174 ad
1369 2137 1621 2175 Chronolo-

303 2205 419 2260 giam
435 2236 446 2257 ‚
478 2207 534 2244 ad
560 2206 887 2260 Geographiam
910 2214 1178 2259 spectantes,
1208 2214 1248 2245 ct
1272 2220 1384 2258 quae
1407 2213 1508 2246 sunt
1528 2207 1619 2247 alia

302 2291 466 2331 genera
499 2277 545 2316 in
581 2278 743 2330 quibus
773 2279 987 2319 illustrari
1019 2280 1298 2319 eruditorum
1329 2282 1618 2321 Commenta-

304 2356 449 2388 torum
474 2350 654 2390 solertia
688 2353 824 2396 solet,
865 2352 1006 2392 rarius
1041 2367 1110 2392 me
1138 2352 1363 2392 immersi:
1401 2359 1533 2404 atque
1560 2366 1615 2393 eo

302 2420 434 2461 etiam
478 2422 615 2477 magis
649 2424 704 2462 ab
741 2423 811 2463 his
850 2424 1010 2464 talibus
1048 2427 1252 2465 consulto
1289 2440 1359 2465 me
1393 2426 1617 2480 abstinui,

303 2495 425 2543 quod
454 2493 541 2533 iam
577 2494 784 2546 pluribus
820 2496 983 2536 abhinc
1021 2497 1149 2538 annis
1189 2511 1289 2537 eam
1327 2498 1616 2551 provinciam
