1732 2951
490 233 1052 286 PRAEFATIO.
1333 254 1418 287 V11

109 358 377 396 corrector,
398 363 494 390 non
521 347 682 402 utique
702 345 922 389 indoctus
929 376 948 395 ,
969 344 1131 388 varias
1152 348 1277 388 Aem.
1299 351 1422 390 Porti

107 415 402 471 suspiciones
432 413 649 457 orationi
690 412 970 459 inculcavit,·
1010 411 1136 459 alia,
1176 428 1319 467 neque
1348 413 1421 455 in-

98 485 389 538 prudenter,
422 497 478 523 ecc
509 484 659 524 vallae
686 477 878 523 Latinis
909 477 1146 529 correoeit,·
1177 480 1265 520 hoc
1296 478 1420 521 vitu-

101 548 359 605 perabilis,
380 549 509 603 quod
519 547 643 590 illud
656 544 909 588 consilium
929 547 1166 586 occultum
1190 545 1422 587 habuerit.

162 673 325 712 Pam-s
357 667 521 710 deinde
553 667 878 723 Iungermanni
908 664 1312 724 Francofurtense
1341 682 1418 708 ex-

107 739 311 791 emplum
342 750 438 776 non
465 734 567 776 sine
600 731 861 775 corollario
895 725 1208 773 recudendum
1236 732 1420 775 curavit

108 800 187 841 vir
212 797 573 855 praedieatione
608 795 917 855 dignissimus
944 799 1027 837 Th.
1060 799 1172 838 Gale
1205 796 1420 839 Londini

108 881 399 908 MDCLXXIX.
446 863 719 906 Exornavit
746 862 871 904 illud
899 862 1228 921 Chronologici
1257 865 1416 906 Hero-

105 935 266 980 doteci,
299 932 456 973 Indice
483 929 749 971 dictionum
779 929 1082 977 Ionicarum,
1110 939 1155 973 et
1180 929 1415 972 varianti-

106 999 190 1040 bus
219 995 526 1045 leccionibus,
560 994 792 1037 laudabili
819 1011 931 1037 sane
964 996 1140 1037 studio.
1181 998 1306 1038 Erat
1338 996 1415 1038 illi

104 1065 157 1106 in
185 1062 334 1106 oculis
358 1071 403 1105 et
425 1063 640 1104 manibus
663 1061 872 1116 scriptus
902 1061 1020 1103 liber
1045 1061 1413 1118 Archiepiscopi

103 1128 467 1174 cantuariensis
497 1130 616 1171 Guil.
634 1130 838 1170 Sancrost
855 1161 866 1182 ‚
890 1137 935 1171 et
957 1128 1160 1188 Collegii
1180 1131 1412 1173 Etonensis

99 1196 226 1238 alius
243 1215 256 1237 .-
272 1212 329 1238 εχ*
350 1204 548 1250 utroque
565 1194 728 1243 varia,
749 1210 1027 1249 quamquam
1048 1194 1099 1237 in
1113 1195 1284 1250 priore
1302 1198 1411 1238 sub-

100 1261 208 1303 inde
223 1276 448 1316 peccans)
478 1260 722 1302 nobiscum
747 1259 1124 1302 communicavit.-
1149 1276 1292 1314 neque
1311 1277 1408 1304 non

98 1329 400 1380 Athenaeum,
440 1327 744 1379 Eustathium7
787 1326 972 1367 Suidam
1014 1334 1059 1366 et
1089 1327 1285 1380 plures,
1325 1326 1407 1380 qui

101 1400 258 1433 testem
286 1393 587 1434 Herodotum
611 1391 661 1433 in
690 1407 786 1433 rem
816 1407 950 1432 suam
979 1392 1291 1439 advocarunt,
1320 1401 1408 1434 aut

97 1457 156 1497 ab
178 1470 230 1497 eo
248 1454 408 1509 aliqua
427 1464 693 1496 sumserunt
711 1464 901 1504 mutua,
923 1457 1084 1497 sedulo
1110 1455 1337 1497 adhibuit.
1357 1457 1406 1511 †)

98 1614 237 1653 catur,
274 1623 351 1645 cum
390 1611 520 1646 Vanae
552 1611 727 1658 interpre-

100 1666 239 1701 tatione
266 1666 405 1701 Latina
428 1665 474 1700 ab
500 1666 618 1701 Henr.
646 1667 724 1701 Ste-

91 1720 220 1769 phano
244 1721 445 1769 recognita.
476 1720 641 1756 Eaedem
661 1732 725 1755 ca-

95 1774 325 1823 stigationes
340 1775 531 1811 versionis
548 1778 725 1811 Lauren-

99 1826 231 1866 tl‘anae
265 1829 409 1865 deinde
454 1830 498 1865 in
548 1830 724 1866 editione

96 1885 353 1933 Iungermani
370 1912 380 1929 ,
421 1890 459 1921 et
497 1885 541 1920 in
575 1886 724 1922 Londi-

98 1940 211 1975 nensi
225 1966 234 1983 ‚
253 1952 355 1988 quae
376 1941 495 1977 Galen
512 1941 633 1990 vulgo
652 1940 722 1977 tri-

97 1994 170 2030 bui
193 1995 311 2039 solet,
332 1995 375 2031 in
396 1994 476 2031 ima
498 2008 565 2031 ora
583 1996 722 2032 cuius-

98 2061 178 2098 que
198 2049 363 2099 paginae
384 2051 638 2088 exhibentur.
657 2047 720 2101 S.]

151 2101 206 2154 *)
232 2105 434 2141 Rusticum
450 2107 525 2142 Iac.
547 2107 721 2144 Cronouii

94 2159 472 2207 importunitatem,
499 2174 579 2211 qua
607 2168 645 2198 et
674 2162 718 2198 in

94 2215 195 2251 alios
221 2215 351 2252 doctos
378 2215 507 2262 viros⁷
537 2222 575 2253 et
601 2217 645 2252 in
665 2219 718 2254 H.

61 2286 63 2288 ·
91 2270 311 2319 Stephanum
342 2271 415 2306 ille
440 2271 620 2308 invectus
640 2277 718 2318 est,

96 2325 213 2361 tacito
246 2325 424 2362 hominis
456 2327 621 2363 nomine
647 2340 718 2364 110-

95 2384 216 2416 tatam
238 2380 318 2418 Vir
338 2382 635 2420 cordatissimus
652 2395 717 2420 vo-

98 2434 192 2471 luit.
220 2432 295 2487 8.]

149 2489 194 2538 Ῠ)
240 2487 593 2542 [Londinensis
642 2493 718 2530 illa

772 1610 913 1654 Editio,
943 1621 1047 1657 quae
1071 1610 1208 1646 Galeo
1229 1610 1403 1646 adscribi

772 1666 893 1714 vulgo
919 1665 1040 1709 solet,
1071 1665 1189 1701 cuius
1218 1665 1312 1702 Viri
1347 1671 1404 1702 ta-

773 1731 865 1755 men
895 1732 944 1756 ne
974 1731 1119 1755 nomen
1156 1720 1321 1770 quidem
1354 1722 1399 1757 in

772 1775 905 1811 fronte
952 1780 1185 1822 comparet,
1234 1776 1399 1812 nonnisi

772 1830 928 1876 privato
958 1830 1280 1878 bibliopolarum
1307 1845 1399 1867 con-

769 1885 864 1921 silio
900 1885 981 1921 fuit
1017 1892 1213 1933 suscepta3
1246 1887 1398 1935 quibus

769 1940 878 1976 nihil
908 1940 1023 1976 aliud
1057 1941 1188 1977 fuerat
1220 1943 1399 1990 proposi-

770 2001 880 2041 tum,
901 1995 979 2031 nisi
1002 1997 1228 2032 utverbum
1246 1998 1294 2033 de
1311 2010 1397 2034 ver-

767 2051 835 2096 bo,
863 2051 1063 2100 quidquid
1086 2052 1397 2102 langermaniana

766 2107 997 2143 continebat
1021 2106 1168 2150 editio,
1202 2115 1397 2156 repetere-

768 2168 859 2198 tur:
906 2162 1029 2211 idque
1066 2162 1283 2199 consilium
1325 2162 1394 2198 illi

767 2217 944 2255 fideliter
979 2217 1167 2266 quidem,
1207 2219 1269 2255 sed
1312 2225 1393 2254 tam

765 2272 904 2310 invido
923 2273 1150 2322 iniqueque
1170 2273 1212 2310 in
1231 2276 1395 2322 Iunger-

763 2329 945 2378 germani
972 2328 1209 2365 memoriam
1231 2330 1391 2373 animo,

766 2390 930 2432 tamque
948 2384 1084 2432 inepte
1103 2384 1250 2420 callida
1272 2383 1394 2420 ratio-

764 2452 815 2475 ne
834 2439 1006 2475 exsecuti
1028 2444 1144 2482 sunt‚
1179 2444 1225 2474 ut
1253 2450 1323 2474 nec
1347 2438 1391 2473 in

764 2494 896 2543 operis
934 2494 1082 2539 titulo,
1116 2505 1188 2530 nec
1220 2505 1391 2542 usquam
