1732 2951
433 221 1002 271 PRAEFATIO.
1252 243 1375 273 xxxt

66 339 250 384 haeret,
283 341 339 376 ul
366 336 521 376 locum
553 339 599 387 277
624 334 769 380 διηγήσει
792 339 862 386 περὶ
887 336 947 379 τήν
972 338 1165 385 πολιορκίαν
1194 340 1254 382 τῆς
1279 342 1381 377 Νίνου

64 400 334 457 adpositum
369 402 597 443 concedat
616 402 814 441 nullum.
856 401 961 446 Λέγω
975 397 1185 454 proinde
1204 403 1380 452 Ἀσσύριοι,

65 467 162 511 nisi
202 467 432 509 memoria
483 466 833 520 Philosophum
878 465 1132 520 deceperit,
1176 466 1387 508 absoluti

66 534 271 589 editique
297 532 522 591 fuerunt.
575 535 791 586 Quorum
837 531 1021 586 quidem
1060 532 1207 574 editio
1248 542 1385 576 tanto

68 600 249 644 certior
270 610 315 643 et
335 600 551 643 omnibus
573 599 729 640 dubiis
749 598 798 640 in
812 607 1058 653 posterum
1061 599 1202 657 foret
1223 599 1387 649 libera,

67 667 450 725 sifragmentum
480 665 608 714 inde,
638 667 766 721 quod
793 669 855 707 Io.
889 667 1099 706 Bouherii
1121 666 1387 708 sollertiam

70 733 297 782 advertit,
325 734 627 787 perduraret.
675 733 826 786 Apud
857 740 1098 774 auctorem
1130 733 1389 783 Chronici,

73 799 155 843 cui
185 802 394 842 Paschale
432 813 627 846 nomen,
655 797 708 853 o)
742 798 998 846 Sesostris,
1040 814 1124 840 rex·
1156 801 1389 858 Aegypti,

74 866 302 910 continuo
324 864 643 917 victoriarum
665 880 810 906 cursu
828 864 1085 924 Assyrios,
1110 868 1390 917 Chaldaeos,

75 936 247 977 Persas
274 934 563 990 Babylonem
596 947 767 985 usque,
796 931 964 973 Asiam
987 941 1261 986 praeterea,
1292 950 1390 976 om-

76 1019 177 1046 nem
208 1005 483 1057 Europam,
504 1001 749 1060 Scythiam
781 1010 827 1044 et
862 1001 1072 1061 llffysiam
1106 1005 1298 1046 domat.-
1338 1004 1390 1046 in

74 1070 343 1127 Aegyptum
363 1083 633 1109 reversurus
659 1083 754 1110 XV.
785 1067 940 1109 millia
960 1068 1210 1126 Scythicae
1239 1070 1392 1112 iuven-

79 1134 197 1177 tutis
217 1134 268 1176 in
288 1134 512 1182 Perside,
533 1133 778 1193 assignata
805 1133 903 1175 illis
911 1133 1079 1193 fiet-tili
1097 1144 1142 1177 et
1161 1139 1394 1180 conmoda

76 1202 179 1243 sede
190 1231 206 1248 ⁷·
235 1203 466 1243 collocat.-
487 1209 656 1255 postea
687 1199 763 1241 illi
789 1200 968 1242 Parthi
996 1203 1050 1242 de
1072 1202 1271 1244 Persico
1299 1220 1396 1245 ser-

78 1282 236 1315 mone,
263 1266 448 1322 alioqui
471 1269 697 1326 Scythae,
721 1267 901 1308 virtute
922 1266 1086 1309 bellica
1107 1271 1243 1327 longe
1254 1286 1397 1324 prae-

78 1333 390 1382 stantissimi,
430 1337 538 1381 καθώς
574 1334 773 1376 additur
797 1334 968 1386 ‘Hfo'Bcz-og
1005 1337 1024 1375 ἆ
1049 1338 1243 1383 σοφώτατος
1279 1344 1394 1379 ταῦτα

80 1404 340 1453 συνεγράψατο,
371 1401 502 1443 sicuti
522 1401 874 1455 sapientissimus
896 1403 1150 1443 Herodotus
1172 1405 1280 1444 haec
1310 1393 1398 1444 {ra-

83 1468 208 1508 didit.
247 1467 342 1511 Ubi
363 1470 546 1510 tandem
560 1467 584 1509 .9
616 1471 786 1510 Musae
808 1475 977 1509 tacent.
1006 1470 1137 1526 Ergo
1159 1484 1215 1509 ex·
1235 1469 1398 1517 libris,

84 1532 158 1576 uti
177 1533 464 1582 coniicitur,
489 1541 534 1588 p)
563 1551 721 1577 rerum
743 1533 1071 1593 Assyriarum.
1114 1536 1258 1588 Quod
1273 1535 1400 1590 equi-

84 1602 183 1641 dem
209 1603 341 1643 valde
364 1601 587 1644 demiror.
638 1603 895 1643 Herodotus
919 1603 973 1642 de
995 1600 1257 1643 Sesostride
1281 1605 1401 1644 mul-

87 1675 136 1709 to
163 1666 360 1722 scripsit
381 1668 641 1710 diversiora
657 1687 670 1710 .·
690 1672 737 1721 q)
767 1669 860 1709 Ass
857 1667 1032 1724 yriaca
1049 1667 1150 1709 eius
1161 1680 1275 1723 post
1295 1671 1402 1710 Ari-

86 1735 252 1775 stotelis
264 1733 382 1790 fata
409 1732 692 1776 IIistoricos
709 1765 720 1776 .
752 1736 1055 1792 Geograplzos
1081 1743 1126 1775 et
1158 1737 1404 1777 Gramma-

90 1799 210 1842 ticos
238 1803 483 1843 latuerunt
513 1817 694 1847 omnes,
733 1816 815 1842 nec
845 1799 1089 1854 quisquam
1117 1799 1266 1841 hilum
1296 1802 1405 1844 inde

90 1866 340 1921 decerpsi&
360 1877 405 1909 et
428 1870 679 1909 obscurum
709 1866 941 1909 hominem
964 1866 1111 1908 seculi
1126 1876 1241 1922 post
1264 1869 1405 1911 Chri-

90 1932 155 1974 sti
179 1936 357 1976 natales
378 1933 569 1989 septimi
586 1951 639 1976 ea
663 1933 897 1976 lectitasse
909 1933 1224 1988 putabimus?
1252 1937 1404 1978 Immo

91 2008 261 2042 cuncta
301 2016 407 2041 cum
438 2000 706 2055 pulvisculo
741 1999 975 2043 Clzronici
1004 2011 1169 2043 sartor
1196 2013 1407 2046 cormszc

91 2080 149 2106 eae
171 2068 237 2106 Io.
265 2069 450 2119 Malala,
478 2069 518 2120 r)
551 2083 684 2120 quem
703 2067 862 2108 Suidas
884 2066 928 2120 s)
958 2065 1051 2107 sibi
1079 2069 1240 2108 ducem
1271 2079 1406 2122 opta-

91 2130 187 2178 vit,
222 2133 354 2180 haud
386 2134 730 2189 sanefidelem‚
771 2141 816 2174 et
846 2131 896 2174 in
926 2133 1169 2176 Herodoti
1201 2143 1407 2189 tempore

77 2196 300 2252 finiendo
327 2200 358 2251 t)
379 2201 523 2253 plane
541 2203 755 2241 stultum.
796 2202 889 2242 Sed
902 2216 1164 2254 poenarum
1186 2201 1265 2243 ille
1288 2201 1408 2244 satis

95 2262 222 2304 Rich.
243 2265 443 2306 Bentleio
458 2297 471 2319 7
508 2266 566 2306 V.
587 2266 681 2314 CL,
712 2266 763 2308 in
784 2266 1111 2309 eruditissima
1131 2269 1196 2308 ad
1216 2271 1282 2308 10.
1303 2269 1408 2309 Mil-

150 2383 197 2434 o)
252 2386 348 2425 Chr.
378 2389 511 2426 pasch.
539 2402 579 2437 p.
605 2390 670 2427 38.
700 2405 737 2428 D.
764 2390 870 2427 Edit.
896 2392 1040 2428 Venet.
1113 2388 1163 2439 p)
1194 2390 1291 2427 Vid.
1315 2392 1410 2427 Bou-

98 2439 189 2477 herii
208 2441 310 2478 Diss.
331 2444 516 2480 Herodot.
536 2444 622 2493 cap.
643 2459 678 2482 ι.
734 2444 786 2494 q)
817 2446 907 2483 Lib.
928 2447 973 2483 II.
1005 2446 1092 2482 105.
1151 2442 1200 2496 r)
1231 2445 1412 2482 Chrono-

98 2496 236 2545 graPh-
251 2510 289 2546 p.
307 2500 370 2536 28.
427 2497 461 2548 s)
482 2502 526 2537 In
547 2498 670 2549 Πάρθοι
691 2507 729 2538 et
742 2503 906 2549 Σῶστρις.
957 2499 994 2550 t)
1015 2501 1238 2550 Chronogr.
1259 2514 1300 2548 p.
1318 2514 1408 2537 200.
