1732 2951
286 193 414 227 xxvt

651 178 1228 231 PRAEFATIO.

284 288 539 332 mimtioni
554 319 565 334 ,
592 305 650 332 ex
677 290 1016 334 narrationum
1043 301 1089 335 et
1115 293 1344 337 dictionis
1377 294 1596 338 iucundi-

287 369 384 403 tate
407 360 710 420 progenitae,
744 378 822 404 eos
852 363 1113 419 adscripsit
1143 365 1326 409 titulos.
1373 368 1433 408 In
1465 381 1595 410 more

287 427 383 483 ipsi
393 428 527 486 suit,
547 429 600 484 y)
627 432 686 471 τδν
705 435 832 482 πρῶτον
853 434 977 480 λόγον,
1003 434 1078 480 rozir
1099 435 1245 484 πρώτως
1269 434 1390 481 λᾶγους
1410 433 1596 489 primo-

287 510 361 537 res
393 495 570 545 libros,
600 505 645 538 et
676 506 913 552 sequentes
941 502 1016 546 τούς
1055 500 1170 541 ὄπισθε
1201 502 1340 546 λόγους,
1379 502 1456 548 τούς
1484 502 1594 543 ὅπίσω

286 563 428 607 λόγους,
457 562 739 617 posthabito
783 568 1032 619 Musarum,
1083 565 1271 607 tametsi
1306 565 1597 613 iustissimo,

285 628 477 670 nomine
494 631 743 684 adpellare.
774 633 906 685 Quid
921 631 1044 673 enim
1064 631 1161 674 illis
1183 647 1238 674 ex
1261 640 1433 675 cuncta
1454 635 1600 674 Grae-

287 693 364 736 cia
392 694 674 743 iucundius,
702 697 819 752 quid
839 699 1049 746 suavius,
1077 698 1420 757 elegantiusve?
1461 702 1599 743 Vera·

288 761 428 804 citatis
457 772 610 804 tamen
643 778 794 810 amor,
834 765 937 806 sine
965 780 1056 820 quo
1086 765 1318 808 historiae
1350 764 1479 807 nihil
1501 763 1600 808 nisi

286 843 439 886 nugae
465 839 510 871 et
544 830 731 872 Siculae
751 848 919 889 gerrae
937 864 946 877 ‚

972 831 1196 886 pluribus
1224 831 1338 874 olim
1369 840 1415 875 et
1440 830 1600 875 nostri

286 894 384 937 aevi
416 896 685 940 hominibus
712 900 867 941 abesse
898 899 1028 941 visus
1061 907 1143 941 est.
1199 898 1470 955 Scripserat
1501 900 1598 940 Ael.

348 1018 396 1070 y)
426 1022 524 1059 Vid.
545 1023 618 1060 lib.
652 1027 706 1060 V.
736 1026 799 1061 56.
831 1026 917 1062 VII.

292 1077 357 1126 93.
390 1083 428 1113 et
457 1079 548 1114 215.
580 1080 606 1117 Ι.
636 1079 701 1125 75.
727 1076 832 1130 [Nec
853 1093 916 1117 ve-

291 1143 336 1168 ro
372 1132 415 1168 in
451 1133 557 1170 hisce
590 1134 708 1180 locis,
744 1143 816 1172 aut
850 1137 918 1172 ho—

293 1199 386 1223 rum
452 1189 686 1234 similibus,
750 1193 921 1228 vocabu-

292 1242 381 1279 lum
401 1242 501 1286 λόγος
518 1244 572 1281 ita
593 1245 771 1296 intelligi
792 1247 920 1291 debet,

293 1298 407 1346 quasi
435 1299 615 1349 singulos
641 1313 662 1338 e
689 1314 829 1339 novem
853 1304 922 1339 Hi-

291 1354 511 1391 storiarum
528 1369 695 1393 suarum
710 1357 829 1395 libris
840 1358 922 1395 sin-

292 1409 406 1458 gulos
428 1409 549 1454 λόγους
572 1411 746 1450 diceret.-
777 1414 840 1450 secl
864 1413 922 1452 λό-

292 1480 349 1506 γος
371 1464 414 1500 in
437 1465 672 1504 huiusmodi
695 1468 791 1505 locis
813 1469 921 1505 nihil

292 1518 408 1555 aliud
443 1521 520 1557 nisi
555 1527 823 1569 narrationem,
858 1525 921 1561 vel

293 1574 503 1620 historiam,
527 1585 572 1614 ut
590 1591 658 1615 nos
674 1580 795 1629 vulgo
812 1592 924 1616 voca-

294 1642 409 1675 mus,
429 1631 650 1680 significat:
671 1647 753 1683 qua
767 1635 922 1672 ratione

294 1685 415 1722 etiam
431 1689 642 1726 Hecataeus
652 1717 661 1734 ‚
674 1696 719 1726 ut
732 1690 804 1726 hoc
818 1697 923 1736 utar,

296 1741 472 1785 mmmm}
499 1745 642 1781 Nostro
669 1745 846 1791 dicitur,
875 1748 923 1784 II.

303 1795 390 1839 143.
419 1800 470 1834 V.
501 1799 564 1835 36.
597 1805 636 1836 et
663 1801 752 1838 125.
777 1801 817 1837 id
844 1808 922 1848 est,

293 1851 546 1890 Historiarum
575 1857 754 1905 scriptor5
783 1856 832 1893 de
861 1869 924 1894 eo-

293 1905 468 1956 demque
516 1911 705 1947 Hecataeo
755 1913 924 1960 loquens

294 1961 402 1998 idem
435 1966 577 2002 Noster
613 1969 683 2003 Vl.
718 1968 806 2014 ¹37·
842 1968 923 2013 ait,

296 2015 476 2063 Ἐκκταῖες
501 2020 529 2057 ἒν
556 2025 640 2060 τοῖσι
661 2022 813 2065 λόγοισι,
848 2025 924 2061 He·

296 2079 442 2112 cataeus
466 2077 504 2111 in
532 2078 604 2113 suis
632 2079 830 2121 Historiis;
859 2079 924 2115 de-

297 2127 424 2176 nique
455 2132 539 2167 Vll.
574 2132 660 2169 152.
704 2133 775 2169 ubi
804 2133 923 2172 πρέποι

298 2181 355 2220 τᾶν
375 2183 476 2226 λόγον
495 2186 574 2225 ait.
605 2190 805 2226 uniuersam
823 2204 925 2227 suam

297 2238 505 2278 Historiam
526 2242 738 2293 intelligit.
767 2246 926 2294 Itaque,

299 2295 371 2329 ubi
392 2311 431 2333 se
449 2297 507 2333 ait
526 2299 568 2334 de
588 2313 626 2335 re
644 2301 799 2348 quadam
819 2302 846 2339 ἐν
861 2298 927 2338 αἴλ-

293 2357 345 2396 λῳ
381 2350 475 2399 λόγῳ
502 2367 577 2390 esse
610 2355 810 2401 dicturum,
845 2369 926 2393 non

297 2415 455 2454 sem-per
475 2410 586 2445 alium
605 2424 647 2445 ez
664 2425 783 2447 novem
801 2413 930 2448 Histo-

295 2464 493 2500 storiarum
508 2478 651 2502 suarum
666 2466 786 2505 Libris
806 2467 928 2504 intel·

966 1024 1082 1074 ligit,
1107 1035 1249 1060 verum
1271 1024 1446 1060 subinde
1467 1023 1592 1061 etiam

964 1083 1077 1118 aliam
1104 1080 1258 1116 eiusdem
1293 1080 1399 1117 Libri
1428 1086 1619 1129 partema

964 1135 1119 1175 veluti,
1149 1147 1253 1183 quae
1275 1135 1363 1172 Lib.
1384 1136 1454 1172 Vl.
1473 1147 1507 1172 c.
1528 1135 1595 1186 39.

966 1193 1066 1240 proti
1076 1196 1182 1228 tetur
1202 1205 1238 1228 se
1258 1191 1286 1227 ἐν
1304 1188 1403 1239 ἄλλῳ
1420 1188 1515 1239 λόγῳ
1534 1205 1596 1228 es:-

963 1249 1185 1293 positurum,
1205 1257 1248 1282 ea
1269 1258 1355 1294 cap.
1381 1246 1468 1283 103.
1491 1245 1598 1283 eius-

965 1302 1054 1339 dem
1075 1301 1174 1339 sexti
1198 1301 1309 1338 Libri
1335 1300 1513 1350 exposita
1539 1301 1596 1338 le-

965 1364 1135 1408 guntur.
1181 1357 1328 1394 Eodem
1360 1357 1478 1393 modo
1496 1358 1598 1394 Pau·

966 1414 1097 1449 sanias
1116 1413 1189 1449 lib.
1214 1413 1278 1449 111.
1298 1425 1382 1461 cap.
1404 1426 1438 1450 2.
1461 1425 1596 1461 quum.

967 1468 1025 1505 ait
1055 1465 1227 1517 Ἡρόδοτος
1252 1468 1280 1505 ἐν
1301 1470 1348 1516 τῷ
1368 1465 1463 1515 λόγῳ
1485 1469 1536 1517 τῷ
1565 1469 1595 1512 ἔς

968 1527 1124 1572 Κροῖσον,
1151 1536 1230 1559 non
1247 1523 1318 1559 hoc
1332 1522 1456 1566 dicit,
1478 1525 1598 1560 Hero·-

969 1580 1072 1616 dotus
1105 1581 1144 1615 in
1163 1579 1274 1615 Libro
1294 1579 1337 1615 de
1357 1579 1512 1624 Croeso,
1530 1577 1597 1615 sed

967 1635 1177 1671 Herodotus
1215 1636 1255 1670 in
1297 1648 1341 1671 ea
1385 1635 1600 1671 narratione

967 1686 1090 1739 (sive,
1116 1691 1155 1726 in
1174 1702 1217 1726 ea
1237 1691 1488 1726 Historiarum
1515 1702 1599 1726 sua-

968 1759 1046 1782 rum
1072 1741 1213 1794 parte)
1236 1759 1326 1794 quae
1353 1745 1403 1781 ad
1426 1745 1598 1782 Croesum

967 1807 1121 1850 spectat.
1167 1799 1452 1849 Similiterque
1488 1799 1597 1836 idem

968 1855 1181 1892 Pausanias
1218 1855 1292 1892 lib.
1323 1857 1373 1892 V.
1413 1867 1499 1903 cap.
1534 1856 1599 1892 26.

969 1925 1008 1960 p.
1035 1920 1127 1959 447.
1155 1911 1240 1954 ait,
1270 1908 1443 1959 Ἡρόδοτος
1473 1910 1502 1947 ἔν
1530 1913 1597 1953 τοῖς

965 1965 1101 2009 λόγοις,
1128 1967 1338 2003 Herodotus
1364 1968 1404 2002 in
1427 1967 1500 2002 suis
1528 1967 1604 2002 Hi·

966 2024 1106 2060 storiis.
1135 2021 1208 2060 Sed
1229 2021 1277 2058 de
1297 2022 1369 2058 hoc
1389 2034 1465 2058 usu
1486 2033 1600 2058 voca-

968 2077 1059 2113 buli
1086 2076 1186 2120 λόγες
1215 2077 1306 2114 vide
1337 2089 1429 2113 mox
1459 2076 1597 2125 ipsum

968 2132 1213 2182 WVesselingi
1222 2145 1243 2168 u
1251 2145 1288 2168 m
1298 2132 1505 2169 verissime
1516 2144 1601 2168 mo-

970 2193 1142 2225 nentem.
1161 2209 1210 2216 --
1243 2189 1301 2224 De
1321 2190 1509 2226 Musarum
1530 2200 1601 2224 no-

970 2244 1176 2288 minibus,
1203 2255 1307 2292 quae
1332 2243 1506 2293 singulis
1523 2245 1599 2280 He-

970 2298 1100 2337 rodoti
1132 2298 1251 2335 libris
1281 2298 1449 2336 inscribi
1476 2298 1599 2349 vulgo

969 2355 1121 2399 solent,
1142 2354 1185 2390 in
1210 2356 1398 2391 Varietate
1416 2355 1601 2392 Lectionis

971 2411 1019 2447 ad
1050 2409 1358 2458 Inscriptionem
1392 2409 1490 2446 libri
1521 2408 1605 2458 pri-

972 2465 1030 2504 mi
1050 2465 1242 2503 nonnihil
1261 2465 1456 2503 diximus.
1484 2461 1548 2517 8.]
