1732 2951
418 163 652 212 LIBRI
707 161 1098 212 SECUNDI.
1319 165 1418 232 493

106 277 343 322 Azotum,
368 276 523 330 Syriae
553 277 733 328 urbem,
764 281 863 328 post
891 277 941 315 28
967 287 1188 316 annorum
1221 276 1419 317 obsidio-

107 346 213 373 nem
238 331 355 385 capit
377 331 727 372 Psammitichus.
745 328 898 385 (157.)
928 330 1072 370 Huius
1093 330 1212 371 filius
1236 333 1420 373 Necos

108 388 272 428 fossam
302 401 325 426 e
348 387 451 427 Nilo
477 387 525 426 in
556 387 705 427 sinum
733 385 982 425 Arabicum
1013 387 1173 425 ducere
1203 386 1421 428 instituit:

108 445 263 483 classes
293 444 349 482 ad
379 451 618 494 utrumque
643 455 762 481 mare
786 440 1013 480 aedificat:
1038 443 1174 495 Syros
1196 442 1250 481 ad
1283 442 1420 498 IVIag—

108 498 269 538 dolum
293 498 508 551 devincit,
535 494 744 554 Cadytin
765 509 973 550 magnam
995 496 1151 550 Syriae
1172 498 1328 536 urbem
1349 511 1423 537 ca-

109 552 334 607 pit.(158.
357 555 478 604 159.)
525 549 760 593 Psammis
786 566 887 591 rex:
919 553 974 591 ad
1002 566 1136 603 quem
1164 550 1270 592 Elei
1296 554 1421 607 lega-

112 617 180 649 tos
200 608 395 648 mittunt.
419 606 573 662 (160.)
601 605 845 659 Apries,
868 608 1037 646 bellum
1063 622 1163 647 cum
1183 607 1420 647 Phoenici-

110 665 194 704 bus
227 678 441 716 prospere
465 670 666 717 gesserat.
709 663 898 713 Accepta
927 675 951 700 a
985 660 1240 719 Cyrenaeis
1269 664 1419 716 clade,

110 719 326 760 exercitus
349 721 405 758 ab
433 731 486 758 eo
518 717 689 771 deficit,
720 723 762 756 et
790 714 992 757 Amasin
1017 731 1168 772 regem
1196 718 1419 770 nominat,

112 781 265 814 contra
307 787 440 825 quem
471 774 603 813 Ionas
624 780 666 812 et
699 775 828 811 Caras
857 779 996 812 armat
1023 787 1113 812 rex.
1140 771 1421 827 (161-165.)

109 828 435 884 Aegyptiorum
466 843 538 868 vn
569 840 732 880 genera
752 829 824 867 vel
846 827 1038 868 ordines.
1078 825 1349 883 Calasyries
1377 835 1422 868 et

109 881 467 941 Hermotybies,
497 883 666 923 ordinis
699 883 915 923 militaris.
965 884 1269 935 Utrorumque
1293 883 1422 923 nomi

112 947 155 980 et
174 953 397 979 numerus.
423 937 443 992 (
460 943 568 989 164-
583 936 707 991 166.)
756 938 936 978 Ordinis
955 938 1159 978 militaris
1179 939 1299 991 apud
1324 952 1421 978 om-

110 1008 189 1035 nes
221 1000 372 1050 gentes
413 994 561 1034 maior
597 993 788 1048 dignitas
827 1007 964 1045 quam
1001 993 1229 1046 opificum.
1260 991 1422 1046 (167.)

109 1049 390 1102 Stipendium
404 1056 445 1088 et
458 1051 692 1089 commoda
709 1048 905 1088 militum
920 1047 1298 1103 Aegyptiorum.(
1309 1069 1316 1088 ι
1329 1048 1424 1103 68.)

109 1105 328 1158 Apries
356 1104 527 1156 praelio
556 1104 699 1144 victus
726 1112 767 1143 et
791 1111 955 1156 captus.
1003 1105 1239 1156 Sepultura
1264 1118 1423 1158 regum

110 1158 218 1205 δαί,
247 1159 295 1199 in
320 1159 549 1200 Minervae
571 1161 753 1212 templo.
778 1158 938 1212 (169.)
986 1159 1162 1198 Ibidem
1192 1161 1422 1211 sepultura

110 1215 299 1255 alicuius
319 1215 413 1267 dei,
435 1222 478 1255 et
502 1214 725 1268 mysteria.
765 1215 934 1254 Cereris
959 1227 1082 1254 sacra
1103 1228 1126 1253 a
1147 1214 1292 1254 Danai
1309 1213 1422 1254 filia-

110 1271 193 1311 bus
211 1271 258 1309 in
282 1270 644 1323 Peloponnesum
667 1272 824 1310 adlata.
845 1269 970 1322 (170.
989 1269 1114 1322 171.)

166 1323 401 1367 Amasis
423 1340 523 1378 rex,
544 1326 718 1380 generis
743 1325 1054 1365 obscuritatem
1075 1323 1242 1364 callido
1261 1323 1420 1363 inven—

113 1386 159 1420 to
183 1395 209 1421 a
234 1387 459 1421 contemtu
485 1380 757 1421 vindicavit:
781 1379 938 1435 (172.)
970 1394 1099 1419 mane
1127 1379 1306 1433 negotia
1327 1393 1422 1432 per-

111 1438 292 1491 agebat,
323 1450 403 1489 per
430 1435 655 1487 reliqunm
681 1436 772 1476 diei
799 1443 972 1488 tempus
1003 1435 1096 1475 otio
1121 1444 1163 1474 et
1192 1435 1327 1490 genio
1353 1434 1423 1474 in·-

113 1493 350 1546 dulgebat3
374 1489 533 1545 (173.)
580 1491 691 1531 olim
724 1491 945 1544 privatuS,
975 1491 1178 1530 iocorum
1213 1498 1255 1530 et
1290 1496 1424 1543 potus

113 1560 290 1598 amans,
321 1560 377 1586 ne
400 1560 424 1586 a
456 1546 584 1587 furtis
613 1547 794 1599 quidem
821 1546 1107 1587 abstinuerat.
1133 1543 1292 1599 (174.)
1331 1545 1425 1586 Ae-

112 1601 214 1642 dem
241 1599 551 1642 monolitlzam
582 1600 668 1655 (cf.
687 1617 723 1642 c.
744 1603 863 1655 155.)
903 1601 1201 1654 Elephantine
1234 1600 1337 1640 Sain
1366 1602 1424 1640 ad

113 1657 348 1697 Minervae
374 1659 590 1710 templum
616 1656 899 1710 transportari
920 1656 1101 1696 curavit.
1124 1654 1277 1709 (175.)
1325 1656 1425 1695 Alia

114 1714 281 1764 templa
299 1712 550 1766 exornavit,
570 1727 776 1764 novaque
798 1712 1020 1752 exstruxit.
1038 1710 1059 1765 (
1076 1714 1196 1764 176.)
1227 1711 1331 1751 Eius
1351 1725 1426 1750 ae-

115 1775 200 1807 tate
227 1768 361 1808 vicies
390 1767 514 1808 mille
544 1771 674 1809 urbes
708 1775 749 1808 et
778 1769 945 1820 oppida
971 1767 1019 1806 in
1053 1770 1260 1820 Aegypto
1296 1767 1428 1806 flore-

114 1825 245 1863 bant:
272 1825 370 1876 lege
396 1823 532 1876 cavit,
561 1832 610 1864 ut
632 1824 869 1875 quotannis
893 1822 1104 1875 quisque,
1135 1824 1254 1861 unde
1278 1820 1423 1874 vivat,

116 1877 409 1932 profiteretur.
436 1877 591 1932 (177.)
633 1877 826 1919 Graecis
862 1878 1105 1917 Naucratin
1133 1876 1425 1916 habitandam

119 1934 353 1986 concessit,
391 1933 578 1985 aliisque
613 1934 661 1973 in
691 1934 801 1974 locis
837 1936 1002 1986 templa
1034 1940 1076 1971 et
1107 1945 1200 1971 aras
1237 1938 1426 1971 statuere

118 1988 332 2041 permisit.
357 1987 509 2042 (178.)
547 1991 649 2029 Sola
682 1987 946 2032 Naucratis
975 1987 1084 2028 olim
1115 1986 1313 2041 Aegypti
1338 2001 1427 2027 em-

117 2043 310 2097 porium.
342 2049 495 2095 (179.)
540 2047 728 2098 Templo
767 2045 986 2097 Delphico
1022 2044 1284 2097 deflagrato,
1321 2043 1427 2082 Del-

117 2101 307 2152 p³rcnses
328 2099 559 2152 magnifice
588 2100 770 2140 donavit
791 2115 878 2139 rex.
897 2099 914 2151 (
933 2118 943 2138 1
956 2097 1051 2151 80.)
1083 2099 1206 2137 Uxor
1223 2097 1317 2138 eius
1334 2099 1426 2139 La·

118 2155 244 2200 ‹lje-e,
267 2156 516 2206 Cyrenaea,
540 2156 701 2196 Veneri
717 2164 871 2195 votum
886 2155 1050 2194 factum
1069 2153 1270 2193 exsolvit.
1285 2151 1426 2205 (181.)

119 2211 200 2248 tid
232 2214 360 2261 ptura
395 2211 661 2250 Graecorum
699 2213 887 2263 templa,
921 2210 967 2248 in
998 2209 1067 2248 his
1101 2209 1156 2247 ad
1195 2208 1428 2247 Minervae

120 2265 241 2315 quod
265 2263 391 2303 Lindi
412 2273 500 2317 est,
531 2266 713 2305 donaria
735 2264 1054 2305 misitAmasis.
1101 2264 1226 2302 Idem
1256 2262 1427 2317 primus

122 2319 332 2377 Cyprum
357 2321 552 2376 subegit,
583 2321 952 2372 tributariamque
974 2319 1092 2360 fecit.
1113 2320 1265 2369 (182.)

429 2455 1122 2474 w-
