1732 2951
519 229 746 280 LIBRI
797 228 1058 278 PR1M1.
1344 232 1440 297 487

191 340 387 388 Cares,
415 339 525 381 olim
552 340 769 394 insulani,
795 339 942 381 Minoi
969 343 1230 393 paruerant,
1257 340 1443 398 Leleges

137 395 257 437 dicti.
284 398 450 436 Eorum
469 396 550 436 tria
565 396 691 436 utilia
707 395 901 436 inventa.
922 394 1113 449 Iupiter
1126 394 1316 437 Curius.
1334 400 1443 438 Tres

135 452 314 504 fratres,
332 453 522 510 Ilffysus,
534 452 717 509 Lydus,
732 451 844 493 Car.
863 449 1003 503 (¹71-)
1033 448 1330 493 Cauniorum
1353 452 1443 492 ori-

135 522 194 561 go
221 515 261 548 et
282 521 440 547 mores.
468 505 624 561 (172.)
659 503 825 562 Lycii,
850 505 960 546 olim
988 505 1216 546 Termilae
1235 507 1364 560 dicti,
1387 522 1443 548 ex

137 565 262 603 Creta
286 563 541 615 Sarpedone
566 564 677 602 duce
695 564 743 601 in
761 560 908 602 Asiam
927 560 1248 616 migraverant:
1279 564 1444 604 horum

139 618 327 670 quisque
341 631 480 672 genus
493 631 622 658 suum
643 630 668 656 a
683 615 920 667 matribus,
939 630 1028 655 non
1046 630 1070 655 a
1084 617 1303 669 patribus,
1326 617 1443 657 deri-

138 680 224 713 vat.
251 676 268 723 (
285 673 400 723 173.)
424 670 572 714 Caria
587 674 642 712 ab
659 673 867 725 Harpago
887 672 1082 711 subacta.
1099 669 1266 713 Cnidii
1280 673 1443 713 frustra

140 735 359 769 conantur
397 727 607 767 isthmum
639 727 886 779 perfodere.
910 727 1065 778 (174.)
1105 727 1444 768 Pedasensium

138 784 301 824 virtus:
326 781 556 822 Minervae
572 783 773 822 sacerdos
789 780 836 820 in
856 781 1049 821 adversis
1069 795 1223 822 eorum
1250 784 1444 823 barbata.

139 838 285 889 (175.)
303 837 496 878 Xantho
511 844 552 877 et
570 837 737 879 Cauno
754 835 932 889 oppidis
948 849 1037 876 non
1057 837 1180 889 prius
1197 838 1364 891 potitus
1380 845 1444 878 est

139 896 402 948 Harpagus,
432 906 564 944 quam
594 891 755 932 armati
788 905 942 931 omnes
975 895 1243 946 pugnando,
1280 893 1444 946 reliqui

138 949 310 988 incolae
328 947 432 1001 igne
454 948 510 987 ab
532 947 698 987 eisdem
719 960 949 999 succenso,
971 947 1215 999 periissent.
1238 948 1388 1002 (176.)

193 1004 375 1061 Cyrus
414 1002 692 1055 superiorem
725 1016 904 1042 omnem
935 1003 1084 1042 Asiam
1115 1003 1372 1056 (Assyriam
1401 1011 1444 1045 et

138 1057 456 1111 Babyloniam)
476 1058 653 1112 subigit.
672 1058 820 1108 (177.)
849 1057 1167 1114 Babylonis
1185 1058 1306 1100 urbis
1322 1073 1444 1114 mag-

138 1113 315 1165 nitudo,
331 1113 608 1165 pulcritudo,
626 1112 788 1165 fossae,
807 1126 972 1161 muruS‚
996 1114 1157 1153 fluvius
1173 1115 1443 1167 interfluens,

137 1170 317 1221 templa.
338 1169 468 1219 (178-
484 1170 601 1219 183.)
622 1167 792 1222 Regina
812 1166 921 1207 olim
941 1166 1214 1209 Semiramis
1234 1184 1315 1222 per
1333 1184 1443 1210 cam-

136 1238 268 1277 pum,
290 1223 499 1263 inundari
524 1226 581 1263 ab
613 1224 836 1276 Euphrate
866 1223 1071 1276 solitum,
1099 1238 1280 1279 aggeres
1307 1226 1447 1265 duxe-

135 1286 214 1319 rat.
233 1280 367 1332 (184.)
398 1280 449 1321 N
450 1277 619 1319 itocris
640 1291 815 1318 cursum
833 1278 1068 1330 Euphratis
1088 1280 1333 1320 flexuosum
1350 1283 1445 1319 red-

137 1334 271 1384 didit,
297 1342 339 1374 et
358 1336 561 1374 lacunam
584 1333 756 1388 ingenti
775 1333 944 1374 ambitu
970 1333 1149 1374 effodit:
1179 1335 1225 1385 (ι
1241 1337 1332 1386 85.)
1361 1335 1444 1376 flu-

137 1389 270 1430 minis
293 1391 416 1430 labra
446 1389 560 1429 intra
587 1391 742 1430 urbem
777 1402 912 1440 opere
939 1389 1130 1429 lateritio
1157 1390 1373 1438 munivit,
1401 1397 1446 1431 et

136 1450 274 1496 ponte
290 1444 447 1484 iunxit.
467 1444 604 1494 (186.)
629 1445 890 1497 Sepulcrum
904 1444 990 1484 sihi
1010 1445 1223 1485 exstruxit
1246 1460 1346 1486 cum
1364 1448 1445 1486 do-

138 1501 230 1540 losa
245 1499 552 1552 inscriptione,
574 1513 661 1550 qua
684 1500 786 1540 dein
801 1501 980 1540 delusus
1000 1498 1185 1541 Darius
1206 1509 1282 1541 est.
1298 1501 1445 1554 (187.)

192 1556 412 1595 Adversus
444 1554 542 1594 Lab
539 1561 756 1611 ynetum,
792 1556 1067 1607 Babyloniae
1095 1570 1243 1610 regem
1261 1587 1272 1609 ‚
1307 1557 1446 1609 profi-

138 1608 314 1650 ciscitur
330 1610 499 1667 Cyrus.
515 1611 659 1659 (188.)
685 1611 811 1661 Aqua
826 1625 878 1650 cx
897 1611 1111 1665 Choaspe
1124 1612 1276 1651 fluvio.
1290 1610 1446 1662 (ibid.)

140 1665 346 1722 Gyndem
363 1679 539 1704 amnem
553 1664 600 1704 in
616 1668 692 1706 350
706 1665 825 1705 rivos
840 1666 981 1705 scindi
996 1668 1138 1718 Cyrus
1153 1667 1289 1706 iubet.
1306 1668 1446 1719 (189.)

138 1720 423 1773 Babylonios,
441 1720 613 1773 praelio
630 1719 769 1760 victos
781 1727 821 1760 et
836 1721 884 1760 in
897 1723 1054 1761 urbem
1071 1724 1339 1776 compulsos,
1356 1723 1450 1763 sru-

137 1781 222 1815 stra
239 1775 424 1818 obsidet.
441 1777 570 1830 (190.)
588 1776 833 1828 Euphrate
851 1775 897 1816 in
917 1778 1122 1816 lacunam
1137 1777 1362 1830 derivato,
1376 1777 1448 1817 in·-

139 1838 254 1871 trans
265 1845 345 1883 pcr
355 1833 531 1871 alveum
542 1862 552 1882 ,
565 1830 764 1871 incautos
777 1831 1308 1889 opprimitBabylonios.
1319 1834 1355 1883 (1
1365 1835 1448 1885 91.)

192 1883 509 1944 Babylonicae
530 1883 738 1942 regionis
764 1886 975 1939 potentia.
1006 1889 1236 1939 Equorum
1259 1889 1448 1929 foetura.

139 1944 277 1981 Canes
291 1941 448 1981 Indici.
465 1944 482 1991 (
500 1938 622 1994 192.)
641 1943 757 1996 Ager
771 1944 1000 1994 quomodo
1019 1942 1230 1998 irrigetur
1244 1975 1255 1997 ,
1273 1943 1449 1984 fertilis-

140 1996 275 2036 simus
304 1997 506 2051 frugum,
538 1998 747 2036 arborum
773 1996 965 2038 sterilis:
996 1999 1147 2038 oleum
1171 2013 1224 2039 ex
1255 2012 1445 2041 sesamo:

142 2066 194 2090 cx
213 2053 358 2103 palma
381 2052 506 2104 panis
534 2060 576 2092 et
600 2052 755 2091 vinum
782 2059 825 2092 et
846 2054 948 2092 mel.
974 2051 1131 2107 (193.)
1177 2055 1368 2095 Navium
1392 2069 1447 2095 ex

141 2107 349 2147 Armenia
378 2109 658 2160 Babylonem
689 2107 965 2148 venientium
998 2116 1213 2150 structura
1246 2116 1287 2150 et
1321 2109 1449 2151 ratio.

139 2160 297 2214 (194.)
341 2164 590 2215 Corporum
620 2164 762 2203 cultus
798 2165 918 2216 apud
962 2165 1250 2217 Babylonios.
1286 2163 1444 2218 (195.)

140 2216 392 2257 Laudabilis
419 2218 530 2257 ratio
566 2231 652 2269 qua
685 2219 861 2270 puellae
873 2218 998 2259 ‘olim
1026 2218 1073 2258 in
1104 2220 1444 2261 matrimonium

139 2274 459 2312 vendebantur.
499 2271 653 2326 (196.)
702 2273 886 2328 Aegroti
921 2283 1206 2326 exponuntur
1243 2276 1290 2315 in
1330 2275 1445 2319 foro.

140 2326 293 2381 (197.)
325 2329 580 2381 Sepultura,
597 2330 758 2380 luctus,
779 2329 880 2369 alia.
901 2327 1055 2383 (198.)
1086 2333 1174 2371 Lex
1192 2331 1444 2383 turpissima

143 2384 195 2420 de
213 2385 331 2423 cultu
350 2384 414 2424 M
400 2381 593 2441 ylittae,
617 2384 801 2424 Veneris
825 2384 1044 2437 Assyriae.
1066 2384 1084 2435 (
1094 2385 1216 2440 ¹99·)
1245 2389 1350 2425 'l'res
1365 2388 1444 2424 Ba-

141 2438 431 2489 byloniorum
457 2439 595 2480 tribus
623 2438 804 2478 nonnisi
824 2439 1019 2491 piscibus
1039 2441 1211 2481 vivunt.
1244 2441 1390 2491 (200.)

194 2493 411 2534 Adversus
444 2495 799 2549 Massagetas
832 2495 1163 2547 expeditionem
1196 2501 1320 2548 parat
1353 2496 1447 2554 Cy-
