<?xml version="1.0" encoding="UTF-8"?>
<!DOCTYPE html PUBLIC "-//W3C//DTD XHTML 1.0 Transitional//EN"
    "http://www.w3.org/TR/xhtml1/DTD/xhtml1-transitional.dtd">
<html xmlns="http://www.w3.org/1999/xhtml" xml:lang="en" lang="en">
 <head>
  <title>
</title>
<meta http-equiv="Content-Type" content="text/html;charset=utf-8" />
  <meta name='ocr-system' content='tesseract 3.04.00' />
  <meta name='ocr-capabilities' content='ocr_page ocr_carea ocr_par ocr_line ocrx_word'/>
</head>
<body>
  <div class='ocr_page' id='page_1' title='image "./musaesivehistori01hero_0569.png"; bbox 0 0 1732 2951; ppageno 0'>
   <div class='ocr_carea' id='block_1_1' title="bbox 438 266 1049 317">
    <p class='ocr_par' dir='ltr' id='par_1_1' title="bbox 438 266 1049 317">
     <span class='ocr_line' id='line_1_1' title="bbox 438 266 1049 317; baseline -0.008 1"><span class='ocrx_word' id='word_1_1' title='bbox 438 266 1049 317; x_wconf 64' lang='lat' dir='ltr'><strong>PRAEFATIO.</strong></span> 
     </span>
    </p>
   </div>
   <div class='ocr_carea' id='block_1_2' title="bbox 87 377 1411 1427">
    <p class='ocr_par' dir='ltr' id='par_1_2' title="bbox 87 377 1411 1427">
     <span class='ocr_line' id='line_1_2' title="bbox 87 377 1402 436; baseline -0.004 -13"><span class='ocrx_word' id='word_1_2' title='bbox 87 382 234 436; x_wconf 66' lang='lat' dir='ltr'><strong>tione,</strong></span> <span class='ocrx_word' id='word_1_3' title='bbox 261 381 427 422; x_wconf 87' lang='lat' dir='ltr'><strong>omisso</strong></span> <span class='ocrx_word' id='word_1_4' title='bbox 463 380 720 422; x_wconf 78' lang='lat' dir='ltr'>Graecitatis</span> <span class='ocrx_word' id='word_1_5' title='bbox 745 379 919 432; x_wconf 79' lang='lat' dir='ltr'><strong>Indice,</strong></span> <span class='ocrx_word' id='word_1_6' title='bbox 957 393 1089 431; x_wconf 90' lang='lat' dir='ltr'><strong>quem</strong></span> <span class='ocrx_word' id='word_1_7' title='bbox 1123 377 1311 418; x_wconf 80' lang='lat' dir='ltr'><strong>editioni</strong></span> <span class='ocrx_word' id='word_1_8' title='bbox 1332 379 1402 418; x_wconf 88' lang='lat' dir='ltr'><strong>illi</strong></span> 
     </span>
     <span class='ocr_line' id='line_1_3' title="bbox 89 443 1403 499; baseline -0.005 -11"><span class='ocrx_word' id='word_1_9' title='bbox 89 448 285 489; x_wconf 83' lang='lat' dir='ltr'><strong>adiicere</strong></span> <span class='ocrx_word' id='word_1_10' title='bbox 317 455 450 499; x_wconf 85' lang='lat' dir='ltr'><strong>atque</strong></span> <span class='ocrx_word' id='word_1_11' title='bbox 481 447 542 486; x_wconf 87' lang='lat' dir='ltr'><strong>ita</strong></span> <span class='ocrx_word' id='word_1_12' title='bbox 573 445 832 486; x_wconf 84' lang='lat' dir='ltr'><strong>coronidem</strong></span> <span class='ocrx_word' id='word_1_13' title='bbox 871 443 998 497; x_wconf 89' lang='lat' dir='ltr'><strong>operi</strong></span> <span class='ocrx_word' id='word_1_14' title='bbox 1029 443 1264 496; x_wconf 81' lang='lat' dir='ltr'>imponere</span> <span class='ocrx_word' id='word_1_15' title='bbox 1297 457 1403 483; x_wconf 85' lang='lat' dir='ltr'><strong>eou-</strong></span> 
     </span>
     <span class='ocr_line' id='line_1_4' title="bbox 89 510 1404 567; baseline -0.005 -12"><span class='ocrx_word' id='word_1_16' title='bbox 89 515 317 556; x_wconf 86' lang='lat' dir='ltr'><strong>stitueram</strong></span> <span class='ocrx_word' id='word_1_17' title='bbox 332 545 343 567; x_wconf 87' lang='lat'><strong>,</strong></span> <span class='ocrx_word' id='word_1_18' title='bbox 369 514 681 553; x_wconf 83' lang='lat' dir='ltr'><strong>instaurandae</strong></span> <span class='ocrx_word' id='word_1_19' title='bbox 705 511 905 551; x_wconf 90' lang='lat' dir='ltr'><strong>Editioni</strong></span> <span class='ocrx_word' id='word_1_20' title='bbox 922 510 1297 564; x_wconf 42' lang='lat' dir='ltr'><strong>&amp;Vesselingianae</strong></span> <span class='ocrx_word' id='word_1_21' title='bbox 1318 512 1404 549; x_wconf 92' lang='lat' dir='ltr'><strong>He-</strong></span> 
     </span>
     <span class='ocr_line' id='line_1_5' title="bbox 91 575 1404 634; baseline -0.002 -15"><span class='ocrx_word' id='word_1_22' title='bbox 91 580 242 619; x_wconf 87' lang='lat' dir='ltr'><strong>rodoti</strong></span> <span class='ocrx_word' id='word_1_23' title='bbox 270 582 356 619; x_wconf 87' lang='lat' dir='ltr'><strong>hac</strong></span> <span class='ocrx_word' id='word_1_24' title='bbox 381 581 478 634; x_wconf 85' lang='lat' dir='ltr'><strong>lege</strong></span> <span class='ocrx_word' id='word_1_25' title='bbox 507 578 828 631; x_wconf 80' lang='lat' dir='ltr'><strong>praesiderem,</strong></span> <span class='ocrx_word' id='word_1_26' title='bbox 861 584 928 628; x_wconf 82' lang='lat' dir='ltr'><strong>ut,</strong></span> <span class='ocrx_word' id='word_1_27' title='bbox 959 576 998 615; x_wconf 88' lang='lat' dir='ltr'><strong>si</strong></span> <span class='ocrx_word' id='word_1_28' title='bbox 1025 576 1133 627; x_wconf 87' lang='lat' dir='ltr'><strong>quid</strong></span> <span class='ocrx_word' id='word_1_29' title='bbox 1159 575 1206 614; x_wconf 89' lang='lat' dir='ltr'><strong>in</strong></span> <span class='ocrx_word' id='word_1_30' title='bbox 1232 575 1312 615; x_wconf 89' lang='lat' dir='ltr'><strong>illa</strong></span> <span class='ocrx_word' id='word_1_31' title='bbox 1335 590 1404 616; x_wconf 88' lang='lat' dir='ltr'><strong>re-</strong></span> 
     </span>
     <span class='ocr_line' id='line_1_6' title="bbox 91 642 1405 701; baseline -0.002 -15"><span class='ocrx_word' id='word_1_32' title='bbox 91 645 355 701; x_wconf 84' lang='lat' dir='ltr'><strong>fingendum</strong></span> <span class='ocrx_word' id='word_1_33' title='bbox 378 653 454 685; x_wconf 86' lang='lat' dir='ltr'><strong>aut</strong></span> <span class='ocrx_word' id='word_1_34' title='bbox 481 645 522 685; x_wconf 89' lang='lat' dir='ltr'><strong>ei</strong></span> <span class='ocrx_word' id='word_1_35' title='bbox 551 644 855 683; x_wconf 85' lang='lat' dir='ltr'><strong>adiiciendum</strong></span> <span class='ocrx_word' id='word_1_36' title='bbox 886 642 999 681; x_wconf 87' lang='lat' dir='ltr'><strong>mihi</strong></span> <span class='ocrx_word' id='word_1_37' title='bbox 1029 642 1276 695; x_wconf 81' lang='lat' dir='ltr'><strong>videretur,</strong></span> <span class='ocrx_word' id='word_1_38' title='bbox 1303 657 1405 683; x_wconf 85' lang='lat' dir='ltr'><strong>eam</strong></span> 
     </span>
     <span class='ocr_line' id='line_1_7' title="bbox 93 710 1406 766; baseline -0.002 -13"><span class='ocrx_word' id='word_1_39' title='bbox 93 727 278 766; x_wconf 85' lang='lat' dir='ltr'><strong>operam</strong></span> <span class='ocrx_word' id='word_1_40' title='bbox 297 711 513 764; x_wconf 86' lang='lat' dir='ltr'><strong>Scriptori</strong></span> <span class='ocrx_word' id='word_1_41' title='bbox 533 710 638 750; x_wconf 91' lang='lat' dir='ltr'><strong>huic</strong></span> <span class='ocrx_word' id='word_1_42' title='bbox 662 716 952 762; x_wconf 79' lang='lat' dir='ltr'><strong>praestarem3</strong></span> <span class='ocrx_word' id='word_1_43' title='bbox 980 723 1117 759; x_wconf 84' lang='lat' dir='ltr'><strong>quum</strong></span> <span class='ocrx_word' id='word_1_44' title='bbox 1144 711 1265 749; x_wconf 87' lang='lat' dir='ltr'><strong>hunc</strong></span> <span class='ocrx_word' id='word_1_45' title='bbox 1285 724 1310 749; x_wconf 89' lang='lat' dir='ltr'><strong>a</strong></span> <span class='ocrx_word' id='word_1_46' title='bbox 1334 725 1406 750; x_wconf 91' lang='lat' dir='ltr'><strong>me</strong></span> 
     </span>
     <span class='ocr_line' id='line_1_8' title="bbox 92 775 1406 825; baseline -0.002 -6"><span class='ocrx_word' id='word_1_47' title='bbox 92 778 273 819; x_wconf 87' lang='lat' dir='ltr'><strong>amoliri</strong></span> <span class='ocrx_word' id='word_1_48' title='bbox 303 779 502 818; x_wconf 85' lang='lat' dir='ltr'><strong>lahorem</strong></span> <span class='ocrx_word' id='word_1_49' title='bbox 532 776 695 816; x_wconf 80' lang='lat' dir='ltr'><strong>frustra</strong></span> <span class='ocrx_word' id='word_1_50' title='bbox 727 789 863 815; x_wconf 90' lang='lat' dir='ltr'><strong>essem</strong></span> <span class='ocrx_word' id='word_1_51' title='bbox 895 781 1104 825; x_wconf 78' lang='lat' dir='ltr'><strong>conatus,</strong></span> <span class='ocrx_word' id='word_1_52' title='bbox 1141 775 1257 814; x_wconf 82' lang='lat' dir='ltr'><strong>illud</strong></span> <span class='ocrx_word' id='word_1_53' title='bbox 1290 785 1406 816; x_wconf 80' lang='lat' dir='ltr'><strong>certe</strong></span> 
     </span>
     <span class='ocr_line' id='line_1_9' title="bbox 92 840 1406 894; baseline -0.001 -10"><span class='ocrx_word' id='word_1_54' title='bbox 92 852 135 884; x_wconf 89' lang='lat' dir='ltr'><strong>et</strong></span> <span class='ocrx_word' id='word_1_55' title='bbox 163 858 337 883; x_wconf 88' lang='lat' dir='ltr'><strong>mecum</strong></span> <span class='ocrx_word' id='word_1_56' title='bbox 362 842 569 882; x_wconf 86' lang='lat' dir='ltr'><strong>constitui</strong></span> <span class='ocrx_word' id='word_1_57' title='bbox 595 848 638 881; x_wconf 87' lang='lat' dir='ltr'><strong>et</strong></span> <span class='ocrx_word' id='word_1_58' title='bbox 662 842 843 881; x_wconf 76' lang='lat' dir='ltr'><strong>Extero</strong></span> <span class='ocrx_word' id='word_1_59' title='bbox 873 840 1150 894; x_wconf 84' lang='lat' dir='ltr'><strong>significavi,</strong></span> <span class='ocrx_word' id='word_1_60' title='bbox 1184 841 1271 881; x_wconf 87' lang='lat' dir='ltr'><strong>nisi</strong></span> <span class='ocrx_word' id='word_1_61' title='bbox 1299 844 1406 883; x_wconf 82' lang='lat' dir='ltr'><strong>Ma-</strong></span> 
     </span>
     <span class='ocr_line' id='line_1_10' title="bbox 92 905 1406 963; baseline -0.001 -13"><span class='ocrx_word' id='word_1_62' title='bbox 92 908 452 963; x_wconf 80' lang='lat' dir='ltr'><strong>nuscriptorum</strong></span> <span class='ocrx_word' id='word_1_63' title='bbox 481 908 781 959; x_wconf 88' lang='lat' dir='ltr'><strong>quorumdam</strong></span> <span class='ocrx_word' id='word_1_64' title='bbox 811 905 1042 948; x_wconf 82' lang='lat' dir='ltr'><strong>Codicum</strong></span> <span class='ocrx_word' id='word_1_65' title='bbox 1072 907 1300 960; x_wconf 86' lang='lat' dir='ltr'><strong>subsidio,</strong></span> <span class='ocrx_word' id='word_1_66' title='bbox 1328 910 1406 961; x_wconf 83' lang='lat' dir='ltr'><strong>qui</strong></span> 
     </span>
     <span class='ocr_line' id='line_1_11' title="bbox 92 973 1405 1029; baseline -0.001 -12"><span class='ocrx_word' id='word_1_67' title='bbox 92 978 149 1017; x_wconf 87' lang='lat' dir='ltr'><strong>ad</strong></span> <span class='ocrx_word' id='word_1_68' title='bbox 184 990 285 1015; x_wconf 91' lang='lat' dir='ltr'><strong>eum</strong></span> <span class='ocrx_word' id='word_1_69' title='bbox 321 975 440 1015; x_wconf 88' lang='lat' dir='ltr'><strong>diem</strong></span> <span class='ocrx_word' id='word_1_70' title='bbox 473 975 678 1015; x_wconf 89' lang='lat' dir='ltr'><strong>nondum</strong></span> <span class='ocrx_word' id='word_1_71' title='bbox 716 973 903 1014; x_wconf 88' lang='lat' dir='ltr'><strong>fuissent</strong></span> <span class='ocrx_word' id='word_1_72' title='bbox 935 973 1175 1027; x_wconf 79' lang='lat' dir='ltr'><strong>diligenter</strong></span> <span class='ocrx_word' id='word_1_73' title='bbox 1208 976 1405 1029; x_wconf 70' lang='lat' dir='ltr'><strong>excussi,</strong></span> 
     </span>
     <span class='ocr_line' id='line_1_12' title="bbox 95 1039 1407 1094; baseline 0.001 -12"><span class='ocrx_word' id='word_1_74' title='bbox 95 1042 274 1083; x_wconf 85' lang='lat' dir='ltr'><strong>adiutus</strong></span> <span class='ocrx_word' id='word_1_75' title='bbox 305 1041 508 1092; x_wconf 88' lang='lat' dir='ltr'><strong>fuissem,</strong></span> <span class='ocrx_word' id='word_1_76' title='bbox 534 1053 781 1091; x_wconf 85' lang='lat' dir='ltr'><strong>numquam</strong></span> <span class='ocrx_word' id='word_1_77' title='bbox 810 1053 882 1079; x_wconf 89' lang='lat' dir='ltr'><strong>me</strong></span> <span class='ocrx_word' id='word_1_78' title='bbox 912 1039 1144 1094; x_wconf 80' lang='lat' dir='ltr'><strong>negotium</strong></span> <span class='ocrx_word' id='word_1_79' title='bbox 1173 1040 1285 1081; x_wconf 87' lang='lat' dir='ltr'><strong>illud</strong></span> <span class='ocrx_word' id='word_1_80' title='bbox 1316 1058 1407 1084; x_wconf 90' lang='lat' dir='ltr'><strong>esse</strong></span> 
     </span>
     <span class='ocr_line' id='line_1_13' title="bbox 94 1105 1407 1161; baseline 0.002 -12"><span class='ocrx_word' id='word_1_81' title='bbox 94 1114 415 1161; x_wconf 80' lang='lat' dir='ltr'><strong>suscepturum.</strong></span> <span class='ocrx_word' id='word_1_82' title='bbox 456 1110 634 1158; x_wconf 85' lang='lat' dir='ltr'><strong>ltaque,</strong></span> <span class='ocrx_word' id='word_1_83' title='bbox 665 1105 743 1157; x_wconf 91' lang='lat' dir='ltr'><strong>qui</strong></span> <span class='ocrx_word' id='word_1_84' title='bbox 776 1108 931 1158; x_wconf 84' lang='lat' dir='ltr'><strong>pulcre</strong></span> <span class='ocrx_word' id='word_1_85' title='bbox 958 1120 1155 1159; x_wconf 78' lang='lat' dir='ltr'><strong>nossem,</strong></span> <span class='ocrx_word' id='word_1_86' title='bbox 1185 1122 1237 1147; x_wconf 79' lang='lat' dir='ltr'><strong>ex</strong></span> <span class='ocrx_word' id='word_1_87' title='bbox 1268 1109 1407 1151; x_wconf 75' lang='lat' dir='ltr'><strong>tribus</strong></span> 
     </span>
     <span class='ocr_line' id='line_1_14' title="bbox 96 1170 1408 1228; baseline 0.002 -13"><span class='ocrx_word' id='word_1_88' title='bbox 96 1175 275 1228; x_wconf 88' lang='lat' dir='ltr'><strong>quidem</strong></span> <span class='ocrx_word' id='word_1_89' title='bbox 295 1171 650 1215; x_wconf 63' lang='lat' dir='ltr'><strong>parisiensibus</strong></span> <span class='ocrx_word' id='word_1_90' title='bbox 665 1170 921 1214; x_wconf 77' lang='lat' dir='ltr'><strong>codicibus</strong></span> <span class='ocrx_word' id='word_1_91' title='bbox 936 1181 1160 1225; x_wconf 79' lang='lat' dir='ltr'><strong>excerptas</strong></span> <span class='ocrx_word' id='word_1_92' title='bbox 1179 1176 1408 1219; x_wconf 80' lang='lat' dir='ltr'><strong>Lectiones</strong></span> 
     </span>
     <span class='ocr_line' id='line_1_15' title="bbox 103 1238 1411 1298; baseline 0.001 -16"><span class='ocrx_word' id='word_1_93' title='bbox 103 1239 469 1298; x_wconf 80' lang='lat' dir='ltr'><strong>Wesselingium</strong></span> <span class='ocrx_word' id='word_1_94' title='bbox 508 1239 741 1291; x_wconf 89' lang='lat' dir='ltr'><strong>habuisse,</strong></span> <span class='ocrx_word' id='word_1_95' title='bbox 784 1238 918 1279; x_wconf 86' lang='lat' dir='ltr'><strong>simul</strong></span> <span class='ocrx_word' id='word_1_96' title='bbox 955 1252 1062 1278; x_wconf 73' lang='lat' dir='ltr'><strong>vero</strong></span> <span class='ocrx_word' id='word_1_97' title='bbox 1095 1240 1200 1280; x_wconf 85' lang='lat' dir='ltr'><strong>satis</strong></span> <span class='ocrx_word' id='word_1_98' title='bbox 1236 1241 1411 1283; x_wconf 86' lang='lat' dir='ltr'><strong>intelle-</strong></span> 
     </span>
     <span class='ocr_line' id='line_1_16' title="bbox 93 1306 1411 1361; baseline 0.002 -12"><span class='ocrx_word' id='word_1_99' title='bbox 93 1309 253 1350; x_wconf 79' lang='lat' dir='ltr'><strong>xissem</strong></span> <span class='ocrx_word' id='word_1_100' title='bbox 294 1322 385 1348; x_wconf 88' lang='lat' dir='ltr'><strong>non</strong></span> <span class='ocrx_word' id='word_1_101' title='bbox 425 1308 483 1347; x_wconf 87' lang='lat' dir='ltr'><strong>ita</strong></span> <span class='ocrx_word' id='word_1_102' title='bbox 523 1314 777 1359; x_wconf 80' lang='lat' dir='ltr'><strong>comparata</strong></span> <span class='ocrx_word' id='word_1_103' title='bbox 814 1306 950 1346; x_wconf 85' lang='lat' dir='ltr'><strong>fuisse</strong></span> <span class='ocrx_word' id='word_1_104' title='bbox 986 1306 1065 1346; x_wconf 84' lang='lat' dir='ltr'><strong>illa</strong></span> <span class='ocrx_word' id='word_1_105' title='bbox 1104 1316 1326 1361; x_wconf 79' lang='lat' dir='ltr'><strong>excerpta,</strong></span> <span class='ocrx_word' id='word_1_106' title='bbox 1363 1317 1411 1350; x_wconf 87' lang='lat' dir='ltr'><strong>ut</strong></span> 
     </span>
     <span class='ocr_line' id='line_1_17' title="bbox 95 1373 1409 1427; baseline 0 -11"><span class='ocrx_word' id='word_1_107' title='bbox 95 1383 215 1416; x_wconf 85' lang='lat' dir='ltr'><strong>certa</strong></span> <span class='ocrx_word' id='word_1_108' title='bbox 252 1375 360 1415; x_wconf 85' lang='lat' dir='ltr'><strong>fides</strong></span> <span class='ocrx_word' id='word_1_109' title='bbox 390 1375 452 1415; x_wconf 90' lang='lat' dir='ltr'><strong>eis</strong></span> <span class='ocrx_word' id='word_1_110' title='bbox 487 1380 635 1427; x_wconf 88' lang='lat' dir='ltr'><strong>posset</strong></span> <span class='ocrx_word' id='word_1_111' title='bbox 662 1373 909 1426; x_wconf 66' lang='lat' dir='ltr'><strong>haberi,*)</strong></span> <span class='ocrx_word' id='word_1_112' title='bbox 942 1386 1033 1412; x_wconf 85' lang='lat' dir='ltr'><strong>non</strong></span> <span class='ocrx_word' id='word_1_113' title='bbox 1069 1374 1193 1426; x_wconf 81' lang='lat' dir='ltr'><strong>prius</strong></span> <span class='ocrx_word' id='word_1_114' title='bbox 1224 1389 1409 1416; x_wconf 90' lang='lat' dir='ltr'><strong>manum</strong></span> 
     </span>
    </p>
   </div>
   <div class='ocr_carea' id='block_1_3' title="bbox 1273 283 1399 314">
    <p class='ocr_par' dir='ltr' id='par_1_3' title="bbox 1273 283 1399 314">
     <span class='ocr_line' id='line_1_18' title="bbox 1273 283 1399 314; baseline 0 0"><span class='ocrx_word' id='word_1_115' title='bbox 1273 283 1399 314; x_wconf 76' lang='lat' dir='ltr'>XXIX</span> 
     </span>
    </p>
   </div>
   <div class='ocr_carea' id='block_1_4' title="bbox 152 1503 1411 1554">
    <p class='ocr_par' dir='ltr' id='par_1_4' title="bbox 152 1503 1411 1554">
     <span class='ocr_line' id='line_1_19' title="bbox 152 1503 1411 1554; baseline 0.002 -10"><span class='ocrx_word' id='word_1_116' title='bbox 152 1505 202 1551; x_wconf 51' lang='grc' dir='ltr'><strong>Ξ’ἡ</strong></span> <span class='ocrx_word' id='word_1_117' title='bbox 233 1506 435 1544; x_wconf 86' lang='lat' dir='ltr'><strong>Lectiones</strong></span> <span class='ocrx_word' id='word_1_118' title='bbox 458 1511 574 1542; x_wconf 85' lang='lat' dir='ltr'><strong>erant</strong></span> <span class='ocrx_word' id='word_1_119' title='bbox 592 1518 639 1542; x_wconf 82' lang='lat' dir='ltr'><strong>ex</strong></span> <span class='ocrx_word' id='word_1_120' title='bbox 660 1505 732 1541; x_wconf 86' lang='lat' dir='ltr'><strong>tri·</strong></span> <span class='ocrx_word' id='word_1_121' title='bbox 780 1510 825 1540; x_wconf 87' lang='lat' dir='ltr'><strong>ut</strong></span> <span class='ocrx_word' id='word_1_122' title='bbox 851 1507 894 1541; x_wconf 73' lang='lat' dir='ltr'><strong>ea</strong></span> <span class='ocrx_word' id='word_1_123' title='bbox 916 1503 1069 1554; x_wconf 71' lang='grc' dir='ltr'><strong>οέκριΒείᾳ</strong></span> <span class='ocrx_word' id='word_1_124' title='bbox 1097 1512 1136 1542; x_wconf 84' lang='lat' dir='ltr'><strong>et</strong></span> <span class='ocrx_word' id='word_1_125' title='bbox 1161 1508 1411 1549; x_wconf 73' lang='lat' dir='ltr'><strong>subtilitate,</strong></span> 
     </span>
    </p>
   </div>
   <div class='ocr_carea' id='block_1_5' title="bbox 99 1561 740 2603">
    <p class='ocr_par' dir='ltr' id='par_1_5' title="bbox 99 1561 740 2603">
     <span class='ocr_line' id='line_1_20' title="bbox 99 1561 732 1611; baseline -0.003 -13"><span class='ocrx_word' id='word_1_126' title='bbox 99 1564 175 1598; x_wconf 89' lang='lat' dir='ltr'><strong>bus</strong></span> <span class='ocrx_word' id='word_1_127' title='bbox 249 1562 392 1611; x_wconf 82' lang='lat' dir='ltr'><strong>Regiae</strong></span> <span class='ocrx_word' id='word_1_128' title='bbox 459 1561 732 1599; x_wconf 85' lang='lat' dir='ltr'><strong>Bibliothecae</strong></span> 
     </span>
     <span class='ocr_line' id='line_1_21' title="bbox 101 1614 733 1667; baseline -0.002 -13"><span class='ocrx_word' id='word_1_129' title='bbox 101 1618 349 1654; x_wconf 79' lang='lat' dir='ltr'><strong>membranis</strong></span> <span class='ocrx_word' id='word_1_130' title='bbox 387 1614 467 1667; x_wconf 86' lang='lat' dir='ltr'><strong>(ut</strong></span> <span class='ocrx_word' id='word_1_131' title='bbox 489 1617 547 1653; x_wconf 86' lang='lat' dir='ltr'><strong>ait</strong></span> <span class='ocrx_word' id='word_1_132' title='bbox 576 1618 733 1653; x_wconf 66' lang='lat' dir='ltr'><strong>VVesse-</strong></span> 
     </span>
     <span class='ocr_line' id='line_1_22' title="bbox 102 1672 731 1722; baseline -0.006 -12"><span class='ocrx_word' id='word_1_133' title='bbox 102 1676 196 1722; x_wconf 80' lang='lat' dir='ltr'><strong>ling.</strong></span> <span class='ocrx_word' id='word_1_134' title='bbox 229 1673 272 1708; x_wconf 92' lang='lat' dir='ltr'><strong>in</strong></span> <span class='ocrx_word' id='word_1_135' title='bbox 306 1672 432 1709; x_wconf 76' lang='lat' dir='ltr'><strong>Praef.</strong></span> <span class='ocrx_word' id='word_1_136' title='bbox 467 1672 584 1708; x_wconf 88' lang='lat' dir='ltr'><strong>cuius</strong></span> <span class='ocrx_word' id='word_1_137' title='bbox 612 1673 731 1708; x_wconf 85' lang='lat' dir='ltr'><strong>verba</strong></span> 
     </span>
     <span class='ocr_line' id='line_1_23' title="bbox 102 1728 732 1776; baseline -0.005 -11"><span class='ocrx_word' id='word_1_138' title='bbox 102 1741 224 1776; x_wconf 83' lang='lat' dir='ltr'><strong>supra</strong></span> <span class='ocrx_word' id='word_1_139' title='bbox 244 1728 528 1764; x_wconf 84' lang='lat' dir='ltr'><strong>exhibuimus:</strong></span> <span class='ocrx_word' id='word_1_140' title='bbox 550 1739 622 1763; x_wconf 87' lang='lat' dir='ltr'><strong>nec</strong></span> <span class='ocrx_word' id='word_1_141' title='bbox 640 1739 732 1763; x_wconf 80' lang='lat' dir='ltr'><strong>vero</strong></span> 
     </span>
     <span class='ocr_line' id='line_1_24' title="bbox 105 1782 734 1820; baseline -0.006 0"><span class='ocrx_word' id='word_1_142' title='bbox 105 1789 182 1820; x_wconf 87' lang='lat' dir='ltr'><strong>tres</strong></span> <span class='ocrx_word' id='word_1_143' title='bbox 203 1783 426 1820; x_wconf 75' lang='lat' dir='ltr'><strong>membranas</strong></span> <span class='ocrx_word' id='word_1_144' title='bbox 452 1783 525 1819; x_wconf 88' lang='lat' dir='ltr'><strong>ille</strong></span> <span class='ocrx_word' id='word_1_145' title='bbox 548 1782 734 1818; x_wconf 85' lang='lat' dir='ltr'><strong>nomina-</strong></span> 
     </span>
     <span class='ocr_line' id='line_1_25' title="bbox 104 1837 733 1886; baseline -0.006 -11"><span class='ocrx_word' id='word_1_146' title='bbox 104 1851 147 1876; x_wconf 86' lang='lat' dir='ltr'><strong>re</strong></span> <span class='ocrx_word' id='word_1_147' title='bbox 164 1838 374 1883; x_wconf 74' lang='lat' dir='ltr'><strong>debuerat,</strong></span> <span class='ocrx_word' id='word_1_148' title='bbox 401 1851 530 1886; x_wconf 88' lang='lat' dir='ltr'><strong>quum</strong></span> <span class='ocrx_word' id='word_1_149' title='bbox 553 1851 633 1873; x_wconf 89' lang='lat' dir='ltr'><strong>non</strong></span> <span class='ocrx_word' id='word_1_150' title='bbox 654 1837 733 1873; x_wconf 88' lang='lat' dir='ltr'><strong>nisi</strong></span> 
     </span>
     <span class='ocr_line' id='line_1_26' title="bbox 105 1894 735 1931; baseline -0.003 -1"><span class='ocrx_word' id='word_1_151' title='bbox 105 1907 214 1931; x_wconf 91' lang='lat' dir='ltr'><strong>unus</strong></span> <span class='ocrx_word' id='word_1_152' title='bbox 251 1894 304 1930; x_wconf 86' lang='lat' dir='ltr'><strong>sit</strong></span> <span class='ocrx_word' id='word_1_153' title='bbox 346 1894 631 1930; x_wconf 81' lang='lat' dir='ltr'><strong>membranaceus</strong></span> <span class='ocrx_word' id='word_1_154' title='bbox 673 1905 735 1928; x_wconf 91' lang='lat' dir='ltr'><strong>co-</strong></span> 
     </span>
     <span class='ocr_line' id='line_1_27' title="bbox 105 1947 734 1999; baseline -0.003 -14"><span class='ocrx_word' id='word_1_155' title='bbox 105 1947 232 1997; x_wconf 78' lang='lat' dir='ltr'><strong>dexz)</strong></span> <span class='ocrx_word' id='word_1_156' title='bbox 262 1949 304 1985; x_wconf 89' lang='lat' dir='ltr'><strong>in</strong></span> <span class='ocrx_word' id='word_1_157' title='bbox 335 1949 533 1999; x_wconf 82' lang='lat' dir='ltr'><strong>margines</strong></span> <span class='ocrx_word' id='word_1_158' title='bbox 556 1948 734 1996; x_wconf 71' lang='lat' dir='ltr'><strong>exempli</strong></span> 
     </span>
     <span class='ocr_line' id='line_1_28' title="bbox 108 2004 731 2042; baseline -0.002 0"><span class='ocrx_word' id='word_1_159' title='bbox 108 2004 353 2042; x_wconf 84' lang='lat' dir='ltr'><strong>Gronoviani</strong></span> <span class='ocrx_word' id='word_1_160' title='bbox 368 2018 389 2040; x_wconf 86' lang='lat' dir='ltr'><strong>a</strong></span> <span class='ocrx_word' id='word_1_161' title='bbox 407 2005 504 2041; x_wconf 86' lang='lat' dir='ltr'><strong>viris</strong></span> <span class='ocrx_word' id='word_1_162' title='bbox 519 2005 644 2040; x_wconf 86' lang='lat' dir='ltr'><strong>doctis</strong></span> <span class='ocrx_word' id='word_1_163' title='bbox 659 2007 731 2041; x_wconf 74' lang='lat' dir='ltr'><strong>Me·</strong></span> 
     </span>
     <span class='ocr_line' id='line_1_29' title="bbox 107 2058 734 2102; baseline -0.002 -6"><span class='ocrx_word' id='word_1_164' title='bbox 107 2058 194 2096; x_wconf 72' lang='lat' dir='ltr'><strong>noto</strong></span> <span class='ocrx_word' id='word_1_165' title='bbox 216 2059 257 2095; x_wconf 80' lang='lat' dir='ltr'><strong>‘et</strong></span> <span class='ocrx_word' id='word_1_166' title='bbox 278 2061 446 2102; x_wconf 84' lang='lat' dir='ltr'><strong>Geinozio</strong></span> <span class='ocrx_word' id='word_1_167' title='bbox 466 2061 646 2096; x_wconf 75' lang='lat' dir='ltr'><strong>collatae.</strong></span> <span class='ocrx_word' id='word_1_168' title='bbox 677 2061 734 2096; x_wconf 88' lang='lat' dir='ltr'><strong>Ex</strong></span> 
     </span>
     <span class='ocr_line' id='line_1_30' title="bbox 106 2110 734 2162; baseline 0.002 -13"><span class='ocrx_word' id='word_1_169' title='bbox 106 2110 354 2162; x_wconf 87' lang='lat' dir='ltr'><strong>inspectione</strong></span> <span class='ocrx_word' id='word_1_170' title='bbox 385 2127 478 2151; x_wconf 83' lang='lat' dir='ltr'><strong>vero</strong></span> <span class='ocrx_word' id='word_1_171' title='bbox 514 2114 734 2152; x_wconf 75' lang='lat' dir='ltr'><strong>Varietatis</strong></span> 
     </span>
     <span class='ocr_line' id='line_1_31' title="bbox 106 2170 736 2220; baseline -0.005 -13"><span class='ocrx_word' id='word_1_172' title='bbox 106 2170 306 2207; x_wconf 83' lang='lat' dir='ltr'><strong>Lectionis</strong></span> <span class='ocrx_word' id='word_1_173' title='bbox 334 2183 355 2206; x_wconf 87' lang='lat' dir='ltr'><strong>a</strong></span> <span class='ocrx_word' id='word_1_174' title='bbox 382 2172 632 2220; x_wconf 75' lang='lat' dir='ltr'><strong>VVesselingio</strong></span> <span class='ocrx_word' id='word_1_175' title='bbox 652 2170 736 2206; x_wconf 88' lang='lat' dir='ltr'><strong>edi-</strong></span> 
     </span>
     <span class='ocr_line' id='line_1_32' title="bbox 107 2224 735 2274; baseline -0.002 -12"><span class='ocrx_word' id='word_1_176' title='bbox 107 2230 191 2267; x_wconf 71' lang='lat' dir='ltr'><strong>tae,</strong></span> <span class='ocrx_word' id='word_1_177' title='bbox 209 2225 281 2274; x_wconf 90' lang='lat' dir='ltr'><strong>qui</strong></span> <span class='ocrx_word' id='word_1_178' title='bbox 303 2225 347 2260; x_wconf 90' lang='lat' dir='ltr'><strong>in</strong></span> <span class='ocrx_word' id='word_1_179' title='bbox 365 2224 535 2261; x_wconf 85' lang='lat' dir='ltr'><strong>citandis</strong></span> <span class='ocrx_word' id='word_1_180' title='bbox 555 2225 735 2261; x_wconf 83' lang='lat' dir='ltr'><strong>aliorum</strong></span> 
     </span>
     <span class='ocr_line' id='line_1_33' title="bbox 105 2280 737 2330; baseline -0.005 -12"><span class='ocrx_word' id='word_1_181' title='bbox 105 2280 290 2318; x_wconf 89' lang='lat' dir='ltr'><strong>codicum</strong></span> <span class='ocrx_word' id='word_1_182' title='bbox 312 2280 622 2330; x_wconf 83' lang='lat' dir='ltr'><strong>diligentissime</strong></span> <span class='ocrx_word' id='word_1_183' title='bbox 643 2280 737 2316; x_wconf 87' lang='lat' dir='ltr'><strong>reli-</strong></span> 
     </span>
     <span class='ocr_line' id='line_1_34' title="bbox 107 2335 733 2385; baseline 0.003 -15"><span class='ocrx_word' id='word_1_184' title='bbox 107 2335 409 2385; x_wconf 85' lang='lat' dir='ltr'><strong>giosissimeque</strong></span> <span class='ocrx_word' id='word_1_185' title='bbox 446 2341 504 2372; x_wconf 85' lang='lat' dir='ltr'><strong>est</strong></span> <span class='ocrx_word' id='word_1_186' title='bbox 539 2342 733 2380; x_wconf 80' lang='lat' dir='ltr'><strong>versatus,</strong></span> 
     </span>
     <span class='ocr_line' id='line_1_35' title="bbox 105 2390 740 2440; baseline 0 -13"><span class='ocrx_word' id='word_1_187' title='bbox 105 2390 199 2427; x_wconf 83' lang='lat' dir='ltr'><strong>satis</strong></span> <span class='ocrx_word' id='word_1_188' title='bbox 210 2391 580 2440; x_wconf 84' lang='lat' dir='ltr'><strong>adparebat‚quu1n</strong></span> <span class='ocrx_word' id='word_1_189' title='bbox 595 2404 740 2440; x_wconf 84' lang='lat' dir='ltr'><strong>quam·</strong></span> 
     </span>
     <span class='ocr_line' id='line_1_36' title="bbox 110 2443 736 2494; baseline 0.002 -13"><span class='ocrx_word' id='word_1_190' title='bbox 110 2443 303 2494; x_wconf 86' lang='lat' dir='ltr'><strong>plurimis</strong></span> <span class='ocrx_word' id='word_1_191' title='bbox 357 2446 400 2482; x_wconf 93' lang='lat' dir='ltr'><strong>in</strong></span> <span class='ocrx_word' id='word_1_192' title='bbox 464 2447 560 2482; x_wconf 89' lang='lat' dir='ltr'><strong>locis</strong></span> <span class='ocrx_word' id='word_1_193' title='bbox 619 2447 736 2482; x_wconf 81' lang='lat' dir='ltr'><strong>nulla</strong></span> 
     </span>
     <span class='ocr_line' id='line_1_37' title="bbox 110 2502 739 2548; baseline 0.005 -13"><span class='ocrx_word' id='word_1_194' title='bbox 110 2513 270 2548; x_wconf 83' lang='lat' dir='ltr'><strong>prorsus</strong></span> <span class='ocrx_word' id='word_1_195' title='bbox 290 2502 458 2539; x_wconf 80' lang='lat' dir='ltr'><strong>Codicum</strong></span> <span class='ocrx_word' id='word_1_196' title='bbox 478 2503 739 2539; x_wconf 80' lang='lat' dir='ltr'><strong>Parisiensium</strong></span> 
     </span>
     <span class='ocr_line' id='line_1_38' title="bbox 108 2556 736 2603; baseline 0.002 -10"><span class='ocrx_word' id='word_1_197' title='bbox 108 2556 261 2594; x_wconf 87' lang='lat' dir='ltr'><strong>mentio</strong></span> <span class='ocrx_word' id='word_1_198' title='bbox 273 2558 342 2595; x_wconf 80' lang='lat' dir='ltr'><strong>fiat</strong></span> <span class='ocrx_word' id='word_1_199' title='bbox 357 2584 368 2603; x_wconf 87' lang='lat'><strong>,</strong></span> <span class='ocrx_word' id='word_1_200' title='bbox 387 2558 569 2595; x_wconf 85' lang='lat' dir='ltr'><strong>multum</strong></span> <span class='ocrx_word' id='word_1_201' title='bbox 587 2559 736 2603; x_wconf 61' lang='lat' dir='ltr'><strong>abesse,</strong></span> 
     </span>
    </p>
   </div>
   <div class='ocr_carea' id='block_1_6' title="bbox 777 1560 1419 2539">
    <p class='ocr_par' dir='ltr' id='par_1_6' title="bbox 777 1560 1419 2539">
     <span class='ocr_line' id='line_1_39' title="bbox 777 1560 1413 1608; baseline 0.006 -13"><span class='ocrx_word' id='word_1_202' title='bbox 777 1571 881 1608; x_wconf 86' lang='lat' dir='ltr'><strong>quae</strong></span> <span class='ocrx_word' id='word_1_203' title='bbox 899 1560 1095 1597; x_wconf 81' lang='lat' dir='ltr'><strong>desiderio</strong></span> <span class='ocrx_word' id='word_1_204' title='bbox 1117 1563 1301 1600; x_wconf 75' lang='lat' dir='ltr'><strong>adeurati</strong></span> <span class='ocrx_word' id='word_1_205' title='bbox 1320 1565 1413 1601; x_wconf 84' lang='lat' dir='ltr'><strong>Edi-</strong></span> 
     </span>
     <span class='ocr_line' id='line_1_40' title="bbox 780 1615 1411 1663; baseline 0.006 -11"><span class='ocrx_word' id='word_1_206' title='bbox 780 1615 877 1652; x_wconf 79' lang='lat' dir='ltr'><strong>toris</strong></span> <span class='ocrx_word' id='word_1_207' title='bbox 929 1616 1170 1663; x_wconf 81' lang='lat' dir='ltr'><strong>satisfaciat,</strong></span> <span class='ocrx_word' id='word_1_208' title='bbox 1232 1621 1411 1656; x_wconf 81' lang='lat' dir='ltr'><strong>confecta</strong></span> 
     </span>
     <span class='ocr_line' id='line_1_41' title="bbox 780 1670 1412 1723; baseline 0.008 -17"><span class='ocrx_word' id='word_1_209' title='bbox 780 1670 938 1707; x_wconf 86' lang='lat' dir='ltr'><strong>fuerint</strong></span> <span class='ocrx_word' id='word_1_210' title='bbox 958 1671 1032 1708; x_wconf 88' lang='lat' dir='ltr'><strong>illa</strong></span> <span class='ocrx_word' id='word_1_211' title='bbox 1061 1680 1257 1721; x_wconf 81' lang='lat' dir='ltr'><strong>excerpta.</strong></span> <span class='ocrx_word' id='word_1_212' title='bbox 1295 1676 1412 1723; x_wconf 75' lang='lat' dir='ltr'><strong>Quod</strong></span> 
     </span>
     <span class='ocr_line' id='line_1_42' title="bbox 779 1725 1413 1780; baseline 0.013 -20"><span class='ocrx_word' id='word_1_213' title='bbox 779 1725 915 1774; x_wconf 83' lang='lat' dir='ltr'><strong>ipsum</strong></span> <span class='ocrx_word' id='word_1_214' title='bbox 967 1727 1089 1763; x_wconf 90' lang='lat' dir='ltr'><strong>etiam</strong></span> <span class='ocrx_word' id='word_1_215' title='bbox 1137 1731 1413 1780; x_wconf 80' lang='lat' dir='ltr'><strong>lVesseIingius</strong></span> 
     </span>
     <span class='ocr_line' id='line_1_43' title="bbox 779 1781 1414 1830; baseline 0.009 -14"><span class='ocrx_word' id='word_1_216' title='bbox 779 1794 911 1830; x_wconf 88' lang='lat' dir='ltr'><strong>quum</strong></span> <span class='ocrx_word' id='word_1_217' title='bbox 949 1781 993 1817; x_wconf 91' lang='lat' dir='ltr'><strong>in</strong></span> <span class='ocrx_word' id='word_1_218' title='bbox 1026 1783 1162 1820; x_wconf 82' lang='lat' dir='ltr'><strong>eadem</strong></span> <span class='ocrx_word' id='word_1_219' title='bbox 1196 1786 1414 1822; x_wconf 81' lang='lat' dir='ltr'><strong>Praefatio-</strong></span> 
     </span>
     <span class='ocr_line' id='line_1_44' title="bbox 781 1839 1413 1881; baseline 0.008 -9"><span class='ocrx_word' id='word_1_220' title='bbox 781 1849 853 1881; x_wconf 84' lang='lat' dir='ltr'><strong>ne,</strong></span> <span class='ocrx_word' id='word_1_221' title='bbox 894 1843 981 1873; x_wconf 84' lang='lat' dir='ltr'><strong>tum</strong></span> <span class='ocrx_word' id='word_1_222' title='bbox 1020 1844 1059 1874; x_wconf 85' lang='lat' dir='ltr'><strong>et</strong></span> <span class='ocrx_word' id='word_1_223' title='bbox 1100 1839 1202 1875; x_wconf 84' lang='lat' dir='ltr'><strong>alibi</strong></span> <span class='ocrx_word' id='word_1_224' title='bbox 1239 1841 1413 1878; x_wconf 86' lang='lat' dir='ltr'><strong>subinde</strong></span> 
     </span>
     <span class='ocr_line' id='line_1_45' title="bbox 781 1891 1414 1944; baseline 0.011 -17"><span class='ocrx_word' id='word_1_225' title='bbox 781 1891 887 1928; x_wconf 88' lang='lat' dir='ltr'><strong>haud</strong></span> <span class='ocrx_word' id='word_1_226' title='bbox 902 1893 1068 1929; x_wconf 85' lang='lat' dir='ltr'><strong>obscure</strong></span> <span class='ocrx_word' id='word_1_227' title='bbox 1086 1894 1331 1944; x_wconf 79' lang='lat' dir='ltr'><strong>significavit</strong></span> <span class='ocrx_word' id='word_1_228' title='bbox 1344 1924 1354 1942; x_wconf 80' lang='grc'>,</span> <span class='ocrx_word' id='word_1_229' title='bbox 1375 1904 1414 1934; x_wconf 81' lang='lat' dir='ltr'><strong>et</strong></span> 
     </span>
     <span class='ocr_line' id='line_1_46' title="bbox 782 1948 1412 1996; baseline 0.01 -14"><span class='ocrx_word' id='word_1_230' title='bbox 782 1954 981 1996; x_wconf 87' lang='lat' dir='ltr'><strong>postremo</strong></span> <span class='ocrx_word' id='word_1_231' title='bbox 1019 1948 1062 1984; x_wconf 89' lang='lat' dir='ltr'><strong>in</strong></span> <span class='ocrx_word' id='word_1_232' title='bbox 1096 1950 1211 1987; x_wconf 89' lang='lat' dir='ltr'><strong>Notis</strong></span> <span class='ocrx_word' id='word_1_233' title='bbox 1251 1952 1301 1987; x_wconf 82' lang='lat' dir='ltr'><strong>ad</strong></span> <span class='ocrx_word' id='word_1_234' title='bbox 1338 1953 1412 1989; x_wconf 89' lang='lat' dir='ltr'><strong>lib.</strong></span> 
     </span>
     <span class='ocr_line' id='line_1_47' title="bbox 782 2005 1412 2051; baseline 0.008 -12"><span class='ocrx_word' id='word_1_235' title='bbox 782 2005 848 2039; x_wconf 71' lang='lat' dir='ltr'><strong>lx.</strong></span> <span class='ocrx_word' id='word_1_236' title='bbox 881 2016 965 2051; x_wconf 90' lang='lat' dir='ltr'><strong>cap.</strong></span> <span class='ocrx_word' id='word_1_237' title='bbox 1003 2005 1065 2041; x_wconf 80' lang='lat'><strong>26.</strong></span> <span class='ocrx_word' id='word_1_238' title='bbox 1093 2006 1254 2043; x_wconf 88' lang='lat' dir='ltr'><strong>disertis</strong></span> <span class='ocrx_word' id='word_1_239' title='bbox 1289 2008 1412 2044; x_wconf 85' lang='lat' dir='ltr'><strong>etiam</strong></span> 
     </span>
     <span class='ocr_line' id='line_1_48' title="bbox 780 2058 1415 2108; baseline 0.009 -13"><span class='ocrx_word' id='word_1_240' title='bbox 780 2058 912 2095; x_wconf 87' lang='lat' dir='ltr'><strong>verbis</strong></span> <span class='ocrx_word' id='word_1_241' title='bbox 932 2068 1172 2108; x_wconf 83' lang='lat' dir='ltr'><strong>conquestus</strong></span> <span class='ocrx_word' id='word_1_242' title='bbox 1191 2068 1271 2108; x_wconf 80' lang='lat' dir='ltr'><strong>est,</strong></span> <span class='ocrx_word' id='word_1_243' title='bbox 1290 2076 1329 2099; x_wconf 88' lang='lat' dir='ltr'><strong>se</strong></span> <span class='ocrx_word' id='word_1_244' title='bbox 1346 2065 1415 2101; x_wconf 87' lang='lat' dir='ltr'><strong>Co-</strong></span> 
     </span>
     <span class='ocr_line' id='line_1_49' title="bbox 781 2115 1417 2156; baseline 0.011 -6"><span class='ocrx_word' id='word_1_245' title='bbox 781 2115 898 2150; x_wconf 85' lang='lat' dir='ltr'><strong>dicum</strong></span> <span class='ocrx_word' id='word_1_246' title='bbox 938 2116 1195 2154; x_wconf 79' lang='lat' dir='ltr'><strong>Parisiensium</strong></span> <span class='ocrx_word' id='word_1_247' title='bbox 1235 2119 1417 2156; x_wconf 81' lang='lat' dir='ltr'><strong>adcurata</strong></span> 
     </span>
     <span class='ocr_line' id='line_1_50' title="bbox 782 2176 1418 2222; baseline 0.009 -17"><span class='ocrx_word' id='word_1_248' title='bbox 782 2184 857 2206; x_wconf 85' lang='lat' dir='ltr'><strong>non</strong></span> <span class='ocrx_word' id='word_1_249' title='bbox 876 2184 1067 2219; x_wconf 82' lang='lat' dir='ltr'><strong>usurpasse</strong></span> <span class='ocrx_word' id='word_1_250' title='bbox 1085 2180 1268 2222; x_wconf 71' lang='lat' dir='ltr'><strong>eaeeerpta.</strong></span> <span class='ocrx_word' id='word_1_251' title='bbox 1294 2176 1418 2211; x_wconf 83' lang='lat' dir='ltr'><strong>Deni-</strong></span> 
     </span>
     <span class='ocr_line' id='line_1_51' title="bbox 782 2226 1419 2273; baseline 0.013 -14"><span class='ocrx_word' id='word_1_252' title='bbox 782 2237 882 2273; x_wconf 84' lang='lat' dir='ltr'><strong>que,</strong></span> <span class='ocrx_word' id='word_1_253' title='bbox 911 2226 1032 2262; x_wconf 88' lang='lat' dir='ltr'><strong>fuisse</strong></span> <span class='ocrx_word' id='word_1_254' title='bbox 1058 2226 1152 2264; x_wconf 87' lang='lat' dir='ltr'><strong>illos</strong></span> <span class='ocrx_word' id='word_1_255' title='bbox 1177 2229 1329 2266; x_wconf 86' lang='lat' dir='ltr'><strong>codices</strong></span> <span class='ocrx_word' id='word_1_256' title='bbox 1350 2243 1419 2267; x_wconf 85' lang='lat' dir='ltr'><strong>ne·-</strong></span> 
     </span>
     <span class='ocr_line' id='line_1_52' title="bbox 782 2280 1418 2330; baseline 0.014 -16"><span class='ocrx_word' id='word_1_257' title='bbox 782 2280 914 2330; x_wconf 83' lang='lat' dir='ltr'><strong>gligen</strong></span> <span class='ocrx_word' id='word_1_258' title='bbox 922 2281 1001 2317; x_wconf 85' lang='lat' dir='ltr'><strong>tius</strong></span> <span class='ocrx_word' id='word_1_259' title='bbox 1013 2283 1179 2319; x_wconf 88' lang='lat' dir='ltr'><strong>collatos</strong></span> <span class='ocrx_word' id='word_1_260' title='bbox 1190 2313 1199 2328; x_wconf 90' lang='lat'><em>‚</em></span> <span class='ocrx_word' id='word_1_261' title='bbox 1211 2287 1418 2323; x_wconf 72' lang='lat' dir='ltr'><strong>Lan-herus</strong></span> 
     </span>
     <span class='ocr_line' id='line_1_53' title="bbox 783 2335 1416 2384; baseline 0.006 -12"><span class='ocrx_word' id='word_1_262' title='bbox 783 2335 905 2372; x_wconf 79' lang='lat' dir='ltr'><strong>etiam</strong></span> <span class='ocrx_word' id='word_1_263' title='bbox 945 2337 1090 2384; x_wconf 82' lang='lat' dir='ltr'><strong>passim</strong></span> <span class='ocrx_word' id='word_1_264' title='bbox 1130 2338 1174 2374; x_wconf 88' lang='lat' dir='ltr'><strong>in</strong></span> <span class='ocrx_word' id='word_1_265' title='bbox 1213 2341 1327 2377; x_wconf 66' lang='lat' dir='ltr'><strong>Notis</strong></span> <span class='ocrx_word' id='word_1_266' title='bbox 1367 2342 1416 2377; x_wconf 71' lang='lat' dir='ltr'><strong>nd</strong></span> 
     </span>
     <span class='ocr_line' id='line_1_54' title="bbox 783 2391 1417 2445; baseline 0.008 -18"><span class='ocrx_word' id='word_1_267' title='bbox 783 2391 1011 2439; x_wconf 80' lang='lat' dir='ltr'><strong>gallienum</strong></span> <span class='ocrx_word' id='word_1_268' title='bbox 1044 2394 1291 2433; x_wconf 85' lang='lat' dir='ltr'><strong>Herodotum</strong></span> <span class='ocrx_word' id='word_1_269' title='bbox 1331 2393 1417 2445; x_wconf 88' lang='lat' dir='ltr'><strong>(in</strong></span> 
     </span>
     <span class='ocr_line' id='line_1_55' title="bbox 784 2446 1417 2499; baseline 0.011 -18"><span class='ocrx_word' id='word_1_270' title='bbox 784 2446 847 2482; x_wconf 82' lang='lat' dir='ltr'><strong>his</strong></span> <span class='ocrx_word' id='word_1_271' title='bbox 869 2449 941 2483; x_wconf 84' lang='lat' dir='ltr'><strong>VI.</strong></span> <span class='ocrx_word' id='word_1_272' title='bbox 967 2457 1031 2493; x_wconf 69' lang='lat'><strong>40.</strong></span> <span class='ocrx_word' id='word_1_273' title='bbox 1065 2455 1103 2485; x_wconf 80' lang='lat' dir='ltr'><strong>et</strong></span> <span class='ocrx_word' id='word_1_274' title='bbox 1128 2450 1174 2486; x_wconf 80' lang='lat' dir='ltr'><strong>ad</strong></span> <span class='ocrx_word' id='word_1_275' title='bbox 1207 2452 1291 2487; x_wconf 72' lang='lat' dir='ltr'>VII.</span> <span class='ocrx_word' id='word_1_276' title='bbox 1325 2450 1417 2499; x_wconf 64' lang='lat'><strong>10.)</strong></span> 
     </span>
     <span class='ocr_line' id='line_1_56' title="bbox 785 2502 961 2539; baseline 0 -1"><span class='ocrx_word' id='word_1_277' title='bbox 785 2502 961 2539; x_wconf 83' lang='lat' dir='ltr'><strong>monuit.</strong></span> 
     </span>
    </p>
   </div>
  </div>
 </body>
</html>
