1732 2951
670 233 1256 284 PRAEFATIO.

276 349 524 388 admovere
554 347 766 388 constitui
801 349 1167 402 recognoscendo
1187 347 1439 389 Herodoti
1461 363 1625 396 exem-¹

274 416 382 467 plo,
416 428 550 466 quam
587 414 763 454 codices
801 413 905 453 illos
938 415 1143 466 eosdem,
1183 421 1226 453 et
1258 413 1296 454 si
1334 416 1412 466 qui
1447 417 1528 457 alii
1559 417 1608 457 in

278 482 554 522 Bibliotheca
583 481 723 535 Regia
755 479 994 520 Parisiensi
1021 488 1326 533 servarentur,
1360 482 1455 534 ipse
1494 485 1606 525 meis

274 550 418 590 oculis
453 548 769 601 inspexissem,
799 555 840 587 et
871 550 1037 599 quanta
1071 562 1246 602 possem
1273 549 1468 590 maxima
1503 551 1604 591 dili-

273 615 427 670 gentia
456 629 537 668 per
562 614 703 654 otium
730 621 1079 667 pertractassem.
1110 614 1374 655 Praesertim
1395 631 1502 657 vero
1524 632 1600 658 eu-

272 683 406 736 pidus
422 696 513 722 esse
530 680 666 721 debui
688 681 817 721 illum
840 681 1026 721 videndi
1044 680 1351 734 tractandique
1374 683 1572 724 codicem
1589 716 1602 738 ,

275 750 352 801 qui
386 750 434 789 in
473 751 684 805 Catalogo
730 749 1036 789 Bibliothecae
1079 750 1246 804 Regiae
1286 750 1512 792 Parisinae
1552 758 1603 791 ut

272 819 406 872 longe
433 816 834 870 praestantissimus
864 818 1085 857 laudatur.
1102 818 1160 868 23’)

275 251 371 282 XXX

328 931 423 969 ITA
440 944 465 976 Q
481 943 509 968 U
525 943 549 968 Ε
563 960 574 981 ,
595 929 673 980 qui
695 927 997 980 complurium
1021 942 1244 968 annorum
1264 927 1508 981 multiplici
1523 942 1600 972 ex-,·

271 995 493 1049 perientia
524 995 626 1036 satis
658 995 889 1050 cognitum
918 996 1290 1048 exploratumque
1318 995 1598 1048 habuissem,

271 1065 402 1103 nullo
450 1070 579 1116 paeto
618 1061 715 1102 fieri
745 1075 901 1115 posse,
946 1069 994 1102 ut
1035 1068 1122 1102 tam
1163 1064 1423 1114 admiratae,
1462 1076 1599 1114 quam

273 1137 337 1170 est
368 1129 589 1183 optabile,
622 1137 822 1169 veterum
856 1136 1089 1169 auctorum
1115 1128 1334 1169 editiones
1356 1143 1600 1182 procuren-

270 1204 367 1248 tur,
410 1196 497 1236 nisi
534 1197 688 1236 Editor
724 1209 815 1235 non
854 1197 991 1235 modo
1024 1194 1244 1235 Codicum
1282 1197 1426 1235 bonae
1462 1203 1595 1236 notae

270 1277 405 1314 quam
431 1263 736 1316 plurimorum
766 1260 1102 1302 adcuratissime
1130 1262 1346 1315 excerptis
1374 1262 1597 1302 Lectioni-

268 1332 352 1370 bus
369 1337 516 1383 posset
541 1329 627 1381 uti,
655 1344 810 1369 verum
833 1329 966 1370 etiarn
987 1330 1174 1370 Codices
1194 1329 1315 1382 ipsos
1331 1361 1342 1382 ,
1378 1343 1453 1369 eos
1474 1335 1593 1369 certe

271 1396 350 1448 qui
389 1395 588 1435 melioris
621 1409 727 1448 prae
763 1395 947 1435 caeteris
987 1402 1118 1436 notae
1155 1402 1326 1447 essent,
1363 1409 1456 1434 non
1491 1394 1592 1435 dico

271 1463 414 1504 oeulis
434 1462 524 1503 suis
546 1469 819 1515 usurpasset,
845 1476 1002 1502 verum
1027 1477 1110 1515 per
1128 1475 1262 1502 omne
1284 1468 1480 1515 tempus,
1502 1476 1592 1514 quo

268 1529 316 1568 in
360 1530 659 1569 emaculando
700 1529 1106 1580 constituendoque
1154 1528 1347 1568 auctoris
1387 1529 1595 1580 exemplo

269 1604 541 1650 occupetur,
568 1603 739 1635 veteres
766 1596 940 1635 codices
960 1596 1081 1649 ipsos
1106 1597 1161 1634 ad
1181 1609 1365 1635 manum
1390 1597 1473 1635 sub
1495 1609 1598 1635 ocu-

269 1663 415 1716 lisque
438 1664 648 1713 haberet;
678 1662 794 1702 nihil
815 1662 940 1716 prius
970 1669 1012 1703 et
1039 1662 1267 1714 antiquius
1295 1662 1435 1702 habui
1466 1662 1594 1715 equi-

324 1787 371 1838 ἒ”“)
401 1792 447 1826 In
484 1791 607 1827 Catal.
635 1789 731 1826 Bibl.
769 1791 907 1838 Regiae

269 1846 472 1882 Parisiens.
506 1847 618 1881 Tom.
654 1846 702 1881 ῘΙ.
735 1845 811 1880 sub
848 1845 907 1880 n.⁰

269 1915 522 1938 nocxxxnz.
552 1906 804 1936 memoratur
838 1901 908 1937 Co-

953 1790 1075 1838 gentis
1095 1802 1169 1825 esse
1183 1790 1296 1838 pretii
1316 1787 1591 1838 WVesselingio

955 1845 1279 1881 confirmaverat.
1301 1843 1597 1893 Denique.per-

956 1913 1127 1949 magnum
1152 1913 1334 1936 numerum
1352 1893 1595 1936 Ionismorum

267 1958 336 1993 dex
371 1957 661 1993 membranaceus
698 1954 762 2005 (in
792 1953 869 2004 sol.
887 1953 907 2006 )

267 2019 405 2061 emptus
421 2027 520 2049 anno
540 2013 682 2049 Christi
705 2025 716 2046 1
729 2012 822 2048 688.
838 2026 905 2061 quo

267 2070 502 2105 continentur
522 2068 700 2104 Herodoti
718 2068 908 2103 Historia-

200 2146 210 2157 .
267 2138 346 2159 rum
362 2124 445 2160 libri
464 2125 537 2160 IX.
569 2124 604 2159 Is
617 2124 730 2160 codex
746 2122 758 2172 (
772 2122 828 2159 sic
846 2122 905 2157 ibi

270 2180 399 2229 pergit
420 2179 493 2228 qui
516 2179 642 2215 illum
666 2179 904 2228 Cataloguin

268 2232 468 2285 confecit)
489 2238 532 2272 lo
548 2248 639 2285 nge
654 2242 906 2284 praestan-

268 2293 509 2333 tissimus,
538 2298 573 2326 et
601 2305 701 2339 quem
732 2292 907 2339 inspicere

268 2361 398 2396 operae
413 2349 571 2396 pretium
581 2343 712 2393 foret,
741 2347 908 2382 duodeci·

270 2417 325 2439 mo
366 2406 483 2439 seculo
527 2409 701 2438 exaratus
751 2403 906 2438 videtur.

267 2458 466 2495 Eumdem
516 2457 693 2494 codicem
739 2458 908 2493 Ruhnke-

270 2517 346 2552 nius
368 2511 592 2565 (utsupra
613 2509 825 2561 vidimus)
853 2515 909 2548 ιἠ-

955 1957 994 1991 ἰη
1025 1956 1145 1992 eodem
1171 1962 1349 1993 servatum
1379 1970 1477 1998 esse,
1508 1968 1594 1991 mo-

955 2011 1052 2047 nuit
1071 2013 1276 2049 Larcherus
1296 2010 1339 2047 in
1359 2011 1484 2048 Praef.
1502 2012 1546 2047 T.
1561 2012 1590 2047 Ϊ.

955 2065 1144 2103 Herodoti
1162 2067 1358 2117 gallicum
1381 2066 1429 2102 in
1444 2078 1592 2103 sermo-

955 2134 1047 2158 nem
1087 2122 1291 2168 conversi,
1326 2135 1412 2172 pag.
1453 2135 1591 2160 xxxvi.

954 2178 1050 2214 edit.
1070 2190 1143 2215 sec.

1019 2230 1074 2284 “’·“)
1123 2235 1262 2281 Quum
1316 2245 1364 2270 ex
1410 2233 1591 2270 Lare-heri

954 2289 1206 2326 Praefatione
1226 2289 1396 2340 gallicae
1416 2288 1592 2325 Herodo-

958 2345 986 2380 ti
1008 2345 1197 2381 Yersioni
1228 2343 1443 2394 Praemissa
1465 2344 1592 2380 intel-

958 2401 1155 2446 lexissem,
1174 2400 1360 2436 habuisse
1379 2399 1505 2435 illum
1526 2411 1592 2448 pe·

957 2468 1024 2492 nes
1047 2468 1085 2492 se
1115 2469 1161 2492 ex
1187 2457 1308 2507 Regia
1341 2455 1592 2492 Bibliotheca

960 2518 1036 2548 tres
1081 2512 1245 2549 Codices
1295 2511 1592 2561 manuscriptos
