1732 2951
512 239 1056 290 PRAEFATIO.
1336 262 1443 292 3111

135 352 365 396 rentianis
393 359 435 394 et
461 368 562 394 cum
585 354 654 394 his
680 366 793 406 quae
813 354 858 392 in
886 354 975 394 illis
1004 356 1074 393 vel
1098 354 1154 393 ab
1178 354 1329 394 Henr.
1349 358 1448 396 Ste-

130 423 290 476 phano
324 421 368 459 in
395 435 472 460 ora
491 435 596 460 suae
617 420 828 460 editionis
850 423 1063 460 mutanda
1094 421 1345 474 proposita,
1376 425 1448 462 tel

135 501 248 539 quae
271 501 297 527 a
318 485 556 528 Gronovio
581 495 656 527 aut
690 485 1003 543 Wesselingio
1025 493 1189 526 mutata
1209 495 1335 541 sunt,
1352 490 1449 541 ple-

132 568 321 606 rumque
338 554 611 603 conferrem;
634 561 698 605 et,
721 553 758 592 si
780 552 889 604 quid
911 553 957 591 in
978 553 1047 592 his
1068 553 1228 593 rectius
1250 567 1448 595 commo-

133 619 288 660 diusve
314 620 509 673 positum
540 621 787 670 videretur,
816 618 861 657 id.
883 618 1053 671 ipsum,
1083 619 1239 659 deletis
1264 623 1446 675 nostris,

131 687 405 739 adoptarem.
453 688 517 726 Ita
545 687 592 725 in
624 685 901 725 conficienda
935 687 1020 725 hac
1053 684 1208 725 Latina
1242 687 1447 730 versione

130 752 250 793 idem
271 767 450 806 prorsus
469 760 646 792 secutus
664 767 761 792 sum
793 751 1029 791 consilium
1043 783 1054 803 ,
1089 755 1209 803 quod
1231 752 1371 794 Reiz
1386 754 1444 797 ἱο

133 819 242 859 olim
279 819 520 859 clarissimo
555 819 665 860 Viro
697 818 980 871 propositum
1009 818 1143 859 fuisse
1177 820 1340 861 deinde
1370 825 1447 862 de-

131 901 255 926 mum
281 883 599 925 animadverti:
616 884 669 939 ²³)
698 885 769 925 cui
788 884 825 924 si
847 884 1027 935 exsequi
1055 888 1177 937 quod
1206 889 1445 930 constitue-

130 960 197 992 rat
222 950 440 1000 licuisset,
472 951 720 1005 plurimum
740 951 816 990 ille
847 951 929 990 olii
949 951 1079 991 nobis
1104 954 1186 992 hac
1208 963 1331 1006 parte
1354 964 1445 997 erat

129 1016 332 1058 facturus.
407 1020 562 1060 Lar-c
577 1016 702 1058 lteri
745 1018 1170 1070 praestantissimam
1217 1020 1443 1076 gallicam

136 1083 412 1126 Versionem
434 1085 481 1123 in
503 1085 613 1125 locis
633 1082 964 1123 difficilioribus
985 1085 1190 1124 consului
1210 1101 1219 1125 :
1241 1102 1262 1126 e
1289 1103 1374 1139 qua
1395 1095 1445 1130 ut

126 1153 318 1191 multum
338 1152 501 1204 passim
522 1165 593 1190 me
613 1150 853 1204 profecisse
873 1158 1021 1204 gratus
1045 1151 1282 1206 profiteor,
1303 1155 1365 1195 sic
1385 1158 1441 1196 ab

127 1219 279 1258 eadem
299 1220 419 1258 haud
441 1232 540 1257 raro
563 1219 609 1257 in
630 1218 856 1257 diversum
879 1217 992 1257 mihi
1013 1217 1334 1261 discedendum
1359 1237 1443 1275 pu·-

127 1284 239 1324 tavi:
272 1285 396 1325 cuius
418 1283 703 1324 dissensionis
731 1297 900 1323 caussas
915 1315 926 1335 a
957 1284 1102 1323 sicubi
1125 1299 1239 1338 opus
1260 1302 1350 1327 esse
1374 1289 1441 1328 ri-

128 1353 312 1392 debatur
327 1382 339 1404 ,
360 1351 407 1390 in
432 1350 821 1391 Adnotationibus
844 1351 1044 1402 exposui.
1078 1352 1200 1392 Alias
1227 1369 1442 1396 vernacu-

129 1419 191 1458 las
214 1418 433 1458 Herodoti
458 1418 708 1469 versiones,
732 1432 824 1457 non
855 1420 977 1469 quod
1004 1432 1078 1458 eas
1103 1434 1331 1475 spernam,
1362 1425 1440 1463 sed

130 1484 220 1525 otio
252 1485 524 1538 parciturus,
559 1486 789 1524 consulere
821 1485 1065 1537 supersedi.

183 1609 259 1648 An
282 1605 731 1649 Adnotationes
755 1609 877 1659 quod
896 1608 1112 1661 pertinet,
1141 1612 1285 1650 Tomo
1309 1612 1441 1663 quin-

131 1678 175 1713 to
194 1680 404 1726 sextoque
434 1675 567 1715 huius
596 1674 815 1714 Editionis
845 1677 1209 1727 comprehensas,
1244 1677 1333 1717 iam
1354 1679 1441 1718 ini-

130 1736 191 1779 tio
224 1741 445 1795 professus
476 1756 596 1792 sum,
640 1741 754 1780 illud
787 1741 900 1780 mihi
933 1741 1131 1793 primum
1170 1741 1305 1783 fuisse
1335 1759 1441 1797 pro-

128 1804 346 1859 positum,
385 1809 507 1858 quod
542 1807 675 1846 etiam
712 1820 874 1862 magno
909 1821 1097 1846 numero
1135 1809 1438 1851 studiosorum

127 1872 361 1920 hominum
386 1873 593 1926 inprimis
621 1881 795 1927 gratum
829 1873 925 1912 fore
943 1873 1273 1926 intellexeram,
1298 1884 1346 1915 ut
1362 1891 1437 1916 eo-

125 1950 243 1991 rum,
273 1954 385 1991 quae
405 1942 518 1980 vela
549 1937 862 1996 Wesselingio
894 1941 965 1979 vel
991 1953 1015 1979 a
1044 1941 1359 1984 Valckelmrio
1380 1947 1438 1984 ad

129 2003 402 2045 Herodotum
429 2008 637 2046 adnotata
664 2006 711 2045 in
745 2006 1092 2060 W'esselingiana
1125 2008 1332 2048 Editione
1363 2025 1439 2050 ex-

125 2076 262 2124 stant,
296 2072 408 2112 nihil
442 2072 853 2125 praetermitterem.
896 2071 1063 2112 lacobi
1086 2072 1319 2114 Grolzovii
1346 2079 1436 2115 No-

126 2140 213 2188 (aS,
251 2151 357 2188 quas
388 2140 547 2177 eadem
577 2139 724 2178 Editio
754 2138 965 2191 repetitas
996 2139 1196 2191 exhibet,
1229 2140 1437 2195 indignas

125 2201 318 2243 iudicavi
338 2204 500 2256 quibus
521 2207 666 2245 bonae
698 2207 871 2245 chartae
899 2207 1049 2244 denuo
1082 2207 1440 2247 contaminaren-

126 2276 207 2309 tur.
239 2272 410 2325 Quodsi
429 2271 526 2311 illas
551 2272 743 2312 subinde
763 2272 961 2312 laudavit
980 2272 1319 2327 Wesselingius,
1345 2288 1438 2314 non

122 2348 175 2374 eo
197 2335 243 2375 id
270 2336 432 2377 factum
461 2339 583 2389 quod
613 2352 694 2390 per
721 2353 766 2378 se
797 2337 949 2392 magni
983 2338 1157 2384 fecerit,
1194 2340 1293 2391 sed,
1326 2338 1436 2392 (qui

178 2434 232 2488 ξ’)
262 2440 366 2477 Vide
397 2443 557 2477 Reizz'i
597 2441 914 2485 Praefafionem,
949 2441 1138 2478 Herodoti
1170 2441 1356 2478 Historiis
1383 2444 1433 2478 ab

126 2491 200 2530 illo
227 2494 290 2531 edi
310 2496 459 2545 coeptis
490 2497 748 2545 praemissam
771 2510 811 2545 p.
831 2509 939 2533 xxix.
