1732 2951
444 248 1029 298 PRAEFATIO.
1332 269 1404 302 xv-

96 363 253 406 Vallae
275 359 392 406 liber
407 390 419 407 ‚
438 359 506 401 ibi
528 359 578 401 in
600 361 769 402 Msstis
790 361 1019 416 Archiep.‚
1040 361 1405 417 vindobonensi,

96 437 142 470 et
160 427 401 482 plerisque
429 428 657 469 Vaticanis
686 436 731 468 et
761 428 1089 468 Oxoniensibus
1114 429 1323 470 lacunae.
1355 431 1407 472 Si

96 494 215 549 quid
241 493 290 536 in
316 493 389 535 lzis
417 502 504 535 aut
522 494 836 548 praecipuum
861 503 947 535 aut
970 494 1263 549 exorbitans,
1288 495 1408 538 idem

97 563 230 616 apud
248 561 552 602 Laurentium.
583 561 779 614 Conpar
803 558 852 600 in
878 575 1015 613 quam
1030 560 1258 614 plurimis
1283 562 1411 604 inter

97 629 376 676 Mediceum‚
415 628 699 685 Pessioneum
737 636 781 666 et
817 627 977 666 Askew
1019 626 1157 668 Codd
1181 659 1196 675 ,
1236 631 1408 672 Passio..

83 702 186 734 ’neo
217 693 266 734 in
302 691 583 734 alterutrius
615 694 752 744 lapsu
787 700 996 739 rectum,
1035 701 1088 732 ut
1113 692 1408 746 plurimum‘⁹

101 768 309 808 tenente,
338 757 610 801 concordia.
670 759 976 804 Ceterorum,
1014 773 1215 811 quorum
1254 763 1409 802 conti..

100 841 196 867 nua
223 834 440 880 excerpta
481 825 611 864 haud
636 821 854 877 adspexi,
887 832 1180 865 constantem
1216 841 1409 868 consen-

98 892 278 934 sionem
313 889 481 933 testari
524 904 712 943 nequeo.
775 891 885 930 Tres
921 888 1112 943 priores
1154 893 1311 933 eodem
1352 910 1409 935 cx

84 958 254 1018 sonte,
294 957 384 999 sive
417 955 691 1010 antiquiore
727 957 1020 1008 membrana,
1053 958 1214 999 hausti
1250 958 1410 1001 viden-

102 1035 206 1080 tur,
235 1025 371 1065 cuius
399 1022 556 1064 scriba
573 1053 582 1065 .
599 1021 819 1080 fortasse
857 1023 1060 1074 offensus
1089 1024 1266 1066 crebris
1299 1029 1409 1068 Mu-

98 1109 177 1134 sae
204 1091 392 1145 primae
425 1089 732 1137 excursibus,
770 1098 966 1130 cunctos
999 1088 1309 1144 inprudenter
1329 1095 1409 1134 ab·

98 1158 272 1202 scidit,
309 1166 381 1200 et,
423 1172 480 1197 ne
514 1154 674 1196 hiatus
720 1154 876 1196 taedio
900 1154 1100 1213 forent,
1135 1172 1305 1200 neoeum
1340 1176 1409 1201 se-

99 1222 303 1276 riemque
348 1220 587 1263 orationis
632 1219 800 1261 callide
843 1219 1035 1274 aptavit.
1102 1223 1277 1265 Ultimi
1315 1234 1411 1267 tres

97 1288 208 1330 aliis
234 1303 290 1329 ex·
314 1288 494 1328 schedis
521 1287 880 1332 descenderunt,
900 1287 1262 1339 prudentiorem
1282 1306 1413 1332 ama-

99 1370 316 1395 nuensem
345 1362 390 1395 et
412 1352 537 1394 nillil
568 1362 733 1393 temere
759 1351 1045 1406 auferentem
1078 1353 1310 1410 indeptis,
1338 1367 1410 1400 at-

100 1436 185 1474 que
213 1436 265 1461 ea
292 1422 346 1460 de
375 1435 541 1461 caussa
573 1417 995 1460 conmendatiores.
1034 1420 1258 1475 Reliquas
1292 1424 1412 1465 scri-

92 1495 268 1542 pturae
289 1485 591 1538 differitates,
627 1501 742 1538 quae
778 1500 890 1525 sane
922 1501 1068 1539 quam*
1094 1491 1295 1536 multae,
1333 1506 1412 1531 ac-

100 1562 257 1605 ceptas
291 1550 527 1593 librariis,
565 1550 753 1592 lonicae
784 1550 977 1592 dialecti
1004 1567 1189 1594 veneres
1220 1570 1415 1596 conmu-

100 1616 237 1659 niore
262 1632 473 1658 sermone
503 1615 818 1664 mutantibus,
850 1632 1072 1671 vocesque
1101 1619 1307 1673 optimae
1328 1638 1413 1664 no-

103 1691 177 1725 tae
213 1692 257 1725 et
298 1699 460 1725 earum
499 1694 672 1725 veteres
708 1683 1012 1739 inflexiones,
1060 1688 1189 1738 quod
1224 1689 1281 1727 ab
1323 1704 1412 1729 usu

100 1748 343 1797 abierant,
360 1748 757 1803 pervertentibus,
778 1747 946 1806 refero.
976 1751 1272 1792 Damnosum
1294 1752 1419 1794 illud

100 1818 352 1858 Herodoto
389 1815 674 1857 institutum<
697 1814 862 1856 videor
890 1814 1008 1855 mihi
1040 1816 1311 1870 saepissime
1339 1822 1412 1861 de-

92 1881 395 1936 prehendisse
418 1892 464 1924 et
494 1881 772 1923 certissimis
803 1883 1095 1924 documentis
1118 1883 1171 1924 in
1201 1886 1412 1928 omnium

94 1947 314 2002 posuisse
329 1959 641 2002 conspectum.
674 1951 887 2002 Namque
907 1948 1002 2003 ipsi
1015 1949 1282 2004 Scriptori,
1303 1955 1413 1994 sssu-

103 2030 180 2055 sas
206 2016 260 2056 de
287 2031 400 2057 novo
430 2014 710 2060 recensenti,
740 2031 856 2070 quae
878 2019 1174 2069 quorundam
1200 2018 1413 2072 suspicio

87 2079 227 2136 fuit,
258 2081 603 2137 discrepantiae
632 2082 858 2124 notabilis
884 2081 1115 2140 originem
1142 2099 1237 2125 non
1258 2085 1414 2125 ausim.

105 2146 338 2189 tribuere.-
369 2158 506 2202 atque
534 2151 620 2191 lzoc
656 2149 838 2197 minus,
869 2148 1093 2203 quoniam
1131 2149 1181 2191 in
1212 2145 1415 2192 vocabu-¹

103 2212 190 2261 lis,
219 2213 344 2255 citra
365 2214 557 2256 dubium
582 2214 743 2269 pravis
760 2246 771 2260 ,
797 2214 1082 2256 admiranda
1109 2219 1192 2257 sed
1211 2225 1256 2258 et
1261 2216 1414 2276 foeda

105 2279 315 2320 omnium
345 2279 573 2335 adparuit
602 2280 914 2335 conspiratio.
943 2283 994 2336 ²⁹)
1069 2283 1074 2287 '

160 2422 213 2475 *)
244 2423 421 2477 [Notum
462 2434 540 2473 est,
579 2427 661 2465 iam
693 2428 794 2465 olim
827 2430 1069 2467 Philemonem
1101 2429 1413 2479 grammaticum

108 2488 368 2530 conquestum
397 2495 499 2529 esse,
526 2484 643 2524 πιλλεὶ
666 2486 814 2533 φέξεο-θκι
842 2487 943 2534 μέχρι
971 2487 1023 2523 νῦν
1057 2484 1297 2533 duay-ismara
1318 2483 1411 2522 καταῖ
