1732 2951
297 223 441 257 xv111
663 208 1252 257 PRAEFATIO.

507 321 542 361 I.
600 321 1108 362 HERODOTI
1166 321 1405 363 VITA.

353 426 611 466 PATflzAu
647 419 1030 476 praeclarissimi
1084 419 1351 476 Scriptoris
1384 418 1616 464 Halicar-

298 504 489 531 nassum
513 486 692 542 primis
722 484 875 529 verbis
897 488 1018 539 Cli0;
1049 486 1236 529 illustre
1260 502 1428 544 genus,
1459 496 1504 529 et
1527 503 1616 542 pa-

297 563 451 596 rentes
464 554 628 610 Lyaeen
649 562 694 594 et
711 554 787 593 Dr
780 568 979 612 yonem,
1007 553 1167 594 Suidas
1187 552 1231 607 a)
1262 562 1482 608 vetusque
1499 552 1617 608 Epi-

293 636 510 681 gramma
531 619 579 675 b)
609 621 878 661 ostendunt.
919 620 1066 661 Aetas
1089 634 1146 660 ac
1170 620 1348 661 natalis
1375 635 1530 662 annus
1553 629 1617 662 te·

295 685 526 730 stimonio
569 687 832 740 Pamphilae
872 686 1200 745 cognoscitur,
1233 688 1286 742 c)
1319 686 1616 742 perhibentis

288 752 540 810 principio
588 752 696 795 belli
730 753 1130 808 Peloponnesiaci
1163 769 1316 795 annos
1355 753 1490 795 illum
1534 754 1616 794 Iza-

298 820 452 862 buisse
487 829 572 862 tres
608 827 650 861 et
689 820 1046 877 quinquaginta:
1089 822 1218 874 quod
1251 821 1417 861 bellum
1451 821 1616 879 Olym-

289 885 455 945 piadis
481 900 711 927 LXXXVI.
731 899 859 927 anno
881 887 1086 928 secundo
1123 901 1228 926 cum
1261 885 1491 941 coeperit,
1511 883 1616 940 pri-

297 969 419 995 mam
462 951 623 1007 utique
662 954 809 994 lucem
848 951 1067 1006 adspexit
1108 952 1298 994 ineunte
1331 952 1617 1011 Olympiade

297 1035 513 1066 LXXIV„
543 1026 751 1073 quatuor
775 1018 916 1060 annis
940 1027 1050 1060 ante
1079 1019 1256 1061 Xerxis
1286 1019 1337 1060 in
1367 1017 1617 1060 Graeciam

295 1085 656 1142 expeditionem.
711 1087 982 1127 Educatum
1019 1087 1323 1140 edoctumque
1353 1084 1618 1127 liberaliter

281 1153 467 1212 fuisse,
496 1169 772 1208 quamquam
802 1154 856 1195 de
875 1152 1270 1208 praeceptoribus
1298 1155 1448 1194 altum
1473 1151 1615 1193 silen-

298 1221 443 1274 tium,
473 1219 694 1261 dubitare
721 1217 866 1278 nefas.
922 1218 1157 1261 Adultior
1186 1219 1616 1266 IIalicarnassum‚

298 1284 599 1345 tyrannidem
628 1283 940 1343 Lygdamidis
968 1299 1063 1326 non
1081 1283 1274 1339 ferens,
1297 1283 1513 1338 reliquit.
1547 1299 1615 1326 se-

297 1368 383 1406 que
418 1351 468 1393 in
503 1350 709 1393 insulam
735 1353 926 1392 Samum
954 1351 1183 1398 contulit‚·
1215 1350 1296 1391 ubi
1328 1349 1490 1392 Ionici
1518 1366 1615 1392 ser-

297 1417 453 1460 monis
483 1419 686 1460 Veneres
712 1418 955 1471 ampleaeus
983 1415 1195 1458 animum
1227 1418 1293 1458 ad
1317 1416 1616 1458 scribendum

295 1483 516 1540 adpulit,
552 1483 602 1525 in
618 1482 742 1541 foro
776 1491 821 1524 et
854 1484 1014 1524 caussis
1050 1484 1234 1539 agendis
1274 1484 1389 1524 nihil
1426 1485 1617 1525 omnino

298 1560 516 1605 versatus,
544 1560 656 1592 teste
676 1551 901 1592 Cicerone.
931 1549 986 1603 d)

353 1665 481 1706 Ante
506 1661 562 1704 id
589 1670 768 1716 tempus
796 1660 846 1703 in
871 1660 1118 1716 publicum
1153 1660 1453 1719 editasuisse
1474 1665 1615 1703 Heca-

299 1731 386 1772 taei
418 1727 602 1772 Milesii
637 1731 831 1780 Περιιὲγκσις
859 1733 918 1774 τνῗς
950 1726 1287 1784 'Artxgsertur:
1326 1728 1460 1782 hinc,
1498 1744 1616 1783 quae

297 1797 593 1854 Aegyptum.
631 1792 994 1847 descriptionem
1022 1793 1294 1848 phoenicis.
1331 1793 1616 1849 hippopota-

300 1861 396 1910 mi,
431 1870 476 1903 et
512 1859 865 1902 crocodilorum
901 1860 1172 1901 venationes
1207 1870 1448 1914 spectant,
1481 1866 1617 1912 Βραχέα

298 1929 559 1980 παραποινῖπις,
594 1927 771 1968 mutatis
802 1926 979 1980 paucis,
1016 1925 1113 1967 nisi
1140 1942 1169 1967 a
1204 1927 1617 1986 Porphyriosalli-

301 2010 433 2040 mur,
454 1996 490 2045 e)
521 2003 766 2035 mutuatus
783 2001 864 2034 est.
907 1991 1457 2050 Etsallimursortasse:
1486 2009 1620 2035 nam-

302 2078 387 2116 que
420 2063 552 2103 valde
598 2060 791 2102 dubium
829 2070 921 2112 est,
954 2058 1214 2118 suerit-ne
1259 2062 1359 2102 eius
1394 2063 1620 2113 Περινγῆτεως

301 2131 547 2169 Hecataeus
573 2137 756 2168 auctor.
816 2128 1136 2173 Callimachus,
1176 2125 1256 2167 cui
1287 2126 1376 2168 lali
1403 2125 1452 2168 in
1479 2141 1619 2185 nego-

304 2193 373 2236 tio
407 2193 537 2234 iusta
569 2208 762 2234 caussae
792 2192 943 2234 dictio
975 2202 1064 2235 est.
1099 2208 1198 2233 eam
1228 2195 1448 2233 Hecataeo
1484 2194 1619 2234 abiu-

303 2262 512 2302 dicatam
559 2258 831 2301 obscuriori
877 2259 1062 2300 homini
1103 2258 1276 2300 tribuit
1315 2261 1446 2313 apud
1484 2263 1620 2301 Athe-

359 2363 398 2413 a)
428 2362 664 2413 In‘Hfo'aeiorog
687 2370 725 2400 et
748 2363 935 2406 Πανύασις.
982 2362 1032 2412 d)
1091 2364 1135 2399 In
1183 2364 1289 2400 libro
1327 2367 1374 2401 II.
1420 2365 1469 2402 de
1506 2365 1623 2402 Orat.

301 2416 360 2470 h)
400 2422 441 2456 In
468 2420 631 2457 scholiis
659 2420 707 2456 ad
742 2419 935 2469 Aristoph.
984 2432 1017 2456 c.
1041 2420 1101 2455 13.
1173 2421 1222 2469 e)
1254 2422 1294 2456 In
1320 2420 1456 2458 Eusebii
1477 2422 1616 2468 Praep.

300 2477 588 2514 Nuba-5531.
647 2472 689 2526 c)
705 2476 827 2523 Apud
851 2477 937 2512 Gel·
986 2477 1130 2523 Evang.
1153 2478 1201 2512 X.
1227 2489 1260 2512 2.
1294 2473 1394 2527 [lib.
1421 2479 1473 2515 X.
1497 2490 1533 2514 c.
1555 2477 1617 2525 5.]

301 2534 387 2569 lium
424 2534 537 2571 Boot.
580 2531 708 2569 Attic.
744 2533 836 2568 XV.
872 2531 938 2569 25.
985 2531 1141 2579 Juqffli·
1395 2526 1400 2529 ’
