1732 2951
654 242 1250 295 PRAEFATIO.

292 360 428 407 esset,
460 354 571 408 quid
602 369 785 409 quoque
811 357 913 396 loco
942 357 1016 396 vel
1045 358 1330 414 Wesselingii
1356 361 1427 402 vel
1456 364 1616 406 schae-

290 256 416 289 XXVI

287 426 374 467 feri
393 428 612 480 praeferat
635 430 891 482 exemplum
906 460 917 481 ‚
955 428 1004 468 in
1033 431 1152 470 calce
1174 432 1322 484 operis
1337 463 1349 486 ,
1380 435 1510 476 tertio
1533 451 1613 477 vo-

286 499 482 552 lumine,
527 502 580 541 V
576 497 801 541 arietates
840 499 1061 542 lectionis
1099 502 1391 546 recensionis
1433 509 1614 549 Wesse-

287 568 530 630 lingianae
558 580 603 614 et
637 570 1002 631 Schaeferianae
1032 574 1252 616 exhibuit.
1273 575 1328 631 ζ’·)

343 683 605 723 PRAETER
645 683 874 724 Editiones
912 685 1059 724 adhuc
1099 692 1409 740 enumeratas,
1443 694 1611 740 partes

284 753 419 792 etiam
444 755 703 795 nonnullae
731 754 1075 797 Historiarum
1108 757 1380 807 Herodoti,
1413 759 1610 800 minores

282 824 420 877 aliae,
443 825 557 866 aliae
584 827 795 879 maiores,
816 842 839 868 a
862 827 1003 868 doctis
1025 828 1295 880 quibusdam
1316 829 1457 883 Viris⁷
1478 832 1609 870 scho-

284 896 431 936 larum
457 898 650 938 maxime
674 899 721 939 in
745 914 874 940 usum
891 931 902 953 ‚
938 900 1082 941 editae
1108 910 1304 957 exstant,
1328 902 1453 943 Notis
1475 901 1608 942 ctiam

285 969 358 1007 vel
388 967 550 1010 criticis
584 973 658 1011 vel
685 972 741 1010 ad
774 971 1189 1024 interpretafionem
1222 974 1522 1026 spectantibus
1555 973 1611 1013 il-

283 1039 507 1080 lustratae.
561 1043 766 1097 Quorum
800 1043 1001 1084 virorum
1039 1058 1176 1097 opera
1205 1045 1424 1099 Scriptori
1455 1051 1607 1086 nostro

282 1119 441 1152 navata
481 1128 620 1166 quum
661 1122 703 1155 et
737 1115 911 1168 alioqui
945 1117 1169 1156 laudanda
1208 1117 1287 1169 sit,
1335 1124 1378 1157 et
1415 1130 1440 1156 a
1477 1117 1608 1157 nobis

280 1184 473 1226 subinde
498 1189 573 1227 vel
600 1187 647 1227 in
678 1188 901 1230 Varietate
926 1189 1150 1230 Lectionis
1175 1191 1248 1229 vel
1272 1190 1320 1228 in
1342 1189 1606 1230 Adnotatio-

281 1257 414 1298 nibus
442 1260 604 1301 nostris
627 1261 762 1301 fuerit
790 1270 1054 1312 memorata3
1085 1263 1205 1302 haud
1235 1262 1319 1302 erft
1347 1263 1402 1301 ab
1430 1263 1517 1301 hoc
1539 1263 1606 1301 lo-

282 1342 335 1368 co
370 1330 597 1384 alienum,
635 1332 673 1372 si
707 1333 928 1373 librorum
968 1347 1152 1386 eorum,
1189 1333 1352 1386 quibus
1385 1333 1606 1374 Herodo-

279 1405 355 1440 tea
388 1401 466 1442 illa
496 1403 809 1459 continentur,
843 1419 1075 1446 recensum
1103 1402 1178 1445 hic
1210 1405 1434 1445 adiecero.

334 1513 545 1554 Istron
586 1514 634 1554 iu
671 1514 753 1556 Io.
797 1512 1095 1556 IlIattlziae
1139 1516 1420 1556 GESNERI
1459 1514 1605 1557 Chre-

276 1583 538 1626 stomatlzia
570 1587 776 1633 Graeca,
814 1595 904 1628 tam
940 1587 1042 1627 utili
1077 1602 1211 1640 quam
1241 1587 1344 1628 satis
1372 1594 1480 1627 noto
1507 1600 1602 1627 sae-

278 1655 470 1710 piusque
508 1659 629 1712 typis
672 1674 827 1700 recuso
864 1660 1048 1713 libello,
1087 1660 1322 1701 exhibetur
1359 1655 1604 1700 Herodoti

276 1732 451 1783 amplus
480 1731 586 1772 satis
627 1734 753 1773 locus
792 1747 845 1773 ex
881 1732 959 1773 lib.
992 1735 1026 1772 I.
1063 1747 1158 1786 cap.
1195 1738 1355 1784 23-45.
1383 1738 1477 1772 tum
1508 1733 1599 1770 duo

274 1804 356 1845 alii
378 1819 429 1845 ex
460 1804 539 1845 lib.
571 1806 629 1845 Π.
650 1820 686 1845 c.
717 1807 881 1856 35-48.
906 1812 948 1846 et
977 1820 1072 1859 cap.
1098 1808 1260 1858 68-73.

331 1956 385 2009 ι’”)
414 1960 522 1997 Idem
546 1961 627 1998 Vir
654 1961 908 2007 industrius,

275 2015 324 2051 de
336 2016 522 2053 Herodoti
538 2017 726 2054 studiosis
743 2031 908 2066 quoquo

276 2071 394 2108 modo
410 2078 536 2120 posset
554 2074 655 2110 bene
673 2074 909 2119 meriturus,

276 2133 363 2175 post
391 2127 568 2175 primam
589 2131 799 2166 Musarum
826 2129 910 2165 edi-

275 2184 426 2219 tionem
444 2196 464 2219 a
479 2195 518 2220 se
530 2190 786 2231 procuratam
798 2212 807 2229 ‚
824 2184 908 2221 iam

272 2239 323 2274 ab
342 2251 450 2275 anno
471 2252 662 2277 ›mccxcxn
682 2240 730 2276 ad
750 2253 909 2277 annum

273 2307 415 2331 xcv111.
451 2295 638 2343 quinque
673 2295 912 2332 minutiori-

273 2350 349 2386 bus
390 2350 677 2387 voluminibus
728 2351 907 2388 ediderat

271 2408 505 2455 Apparatum
527 2407 575 2443 ad
601 2408 828 2444 Herodotum
851 2409 909 2444 in-

271 2463 505 2511 telligendum
517 2469 551 2498 et
568 2464 882 2512 interpretandum
895 2478 903 2497 :

271 2530 451 2568 quorum
481 2516 666 2567 primum
691 2520 907 2564 volumen,

958 1961 1215 2011 Chronologia
1233 1966 1269 1998 et
1288 1960 1403 1997 Crisis
1427 1958 1594 1995 Herodo-

957 2025 1016 2054 tea
1029 2017 1288 2065 inscriptum⁷
1303 2014 1484 2051 continet
1501 2015 1596 2050 Lar-

958 2074 1056 2110 cheri
1078 2072 1278 2121 copiosam
1302 2071 1350 2107 de
1370 2070 1594 2108 Chronolo-

956 2129 1020 2179 gia
1038 2127 1227 2166 Herodoti
1248 2125 1566 2175 disputationem
1582 2151 1593 2170 ,

957 2197 1003 2221 ex
1024 2185 1171 2235 gallico
1190 2183 1233 2219 in
1258 2183 1429 2219 latinam
1446 2192 1594 2217 sermo-

958 2252 1050 2277 nem
1092 2240 1344 2276 translatam.
1404 2235 1592 2285 Reliquis

957 2302 1135 2345 quatuor
1164 2292 1450 2332 voluminibus
1481 2291 1594 2328 exhi-

957 2353 1079 2388 betur
1107 2354 1322 2400 Apparatus
1361 2350 1507 2384 criticus
1542 2347 1592 2383 ad

955 2407 1248 2444 constituendam
1269 2405 1451 2441 Lectionis
1473 2405 1593 2439 Hero-

956 2464 1083 2500 doteae
1107 2463 1377 2511 integritatem:
1405 2458 1477 2507 qui
1500 2457 1594 2506 qui-

956 2519 1046 2555 dem
1067 2523 1284 2568 apparatus
1314 2521 1419 2553 totus
1440 2513 1591 2563 partim
