<?xml version="1.0" encoding="UTF-8"?>
<!DOCTYPE html PUBLIC "-//W3C//DTD XHTML 1.0 Transitional//EN"
    "http://www.w3.org/TR/xhtml1/DTD/xhtml1-transitional.dtd">
<html xmlns="http://www.w3.org/1999/xhtml" xml:lang="en" lang="en">
 <head>
  <title>
</title>
<meta http-equiv="Content-Type" content="text/html;charset=utf-8" />
  <meta name='ocr-system' content='tesseract 3.04.00' />
  <meta name='ocr-capabilities' content='ocr_page ocr_carea ocr_par ocr_line ocrx_word'/>
</head>
<body>
  <div class='ocr_page' id='page_1' title='image "./musaesivehistori01hero_0544.png"; bbox 0 0 1732 2951; ppageno 0'>
   <div class='ocr_carea' id='block_1_1' title="bbox 334 243 396 277">
    <p class='ocr_par' dir='ltr' id='par_1_1' title="bbox 334 243 396 277">
     <span class='ocr_line' id='line_1_1' title="bbox 334 243 396 277; baseline 0.032 -2"><span class='ocrx_word' id='word_1_1' title='bbox 334 243 396 277; x_wconf 86' lang='lat' dir='ltr'><em>1V</em></span> 
     </span>
    </p>
   </div>
   <div class='ocr_carea' id='block_1_2' title="bbox 705 229 1255 280">
    <p class='ocr_par' dir='ltr' id='par_1_2' title="bbox 705 229 1255 280">
     <span class='ocr_line' id='line_1_2' title="bbox 705 229 1255 280; baseline 0.002 -2"><span class='ocrx_word' id='word_1_2' title='bbox 705 229 1255 280; x_wconf 87' lang='lat' dir='ltr'><strong>PRAEFATIO.</strong></span> 
     </span>
    </p>
   </div>
   <div class='ocr_carea' id='block_1_3' title="bbox 311 339 1656 1326">
    <p class='ocr_par' dir='ltr' id='par_1_3' title="bbox 311 339 1656 1326">
     <span class='ocr_line' id='line_1_3' title="bbox 395 339 1656 400; baseline 0.004 -19"><span class='ocrx_word' id='word_1_3' title='bbox 395 339 643 382; x_wconf 72' lang='lat' dir='ltr'><em>AMPLIOR</em></span> <span class='ocrx_word' id='word_1_4' title='bbox 687 343 743 381; x_wconf 92' lang='lat' dir='ltr'><em>H.</em></span> <span class='ocrx_word' id='word_1_5' title='bbox 779 344 1069 394; x_wconf 83' lang='lat' dir='ltr'><em>Stephano</em></span> <span class='ocrx_word' id='word_1_6' title='bbox 1102 341 1266 400; x_wconf 79' lang='lat' dir='ltr'><em>gloria</em></span> <span class='ocrx_word' id='word_1_7' title='bbox 1304 357 1362 383; x_wconf 65' lang='lat' dir='ltr'><em>ex·</em></span> <span class='ocrx_word' id='word_1_8' title='bbox 1406 342 1571 386; x_wconf 85' lang='lat' dir='ltr'><em>studio</em></span> <span class='ocrx_word' id='word_1_9' title='bbox 1609 351 1656 386; x_wconf 90' lang='lat' dir='ltr'><em>et</em></span> 
     </span>
     <span class='ocr_line' id='line_1_4' title="bbox 327 406 1655 466; baseline 0.004 -19"><span class='ocrx_word' id='word_1_10' title='bbox 327 406 594 460; x_wconf 81' lang='lat' dir='ltr'><em>cupiditate</em></span> <span class='ocrx_word' id='word_1_11' title='bbox 619 410 765 448; x_wconf 86' lang='lat' dir='ltr'>Musas</span> <span class='ocrx_word' id='word_1_12' title='bbox 797 407 1007 448; x_wconf 83' lang='lat' dir='ltr'><em>ornandi</em></span> <span class='ocrx_word' id='word_1_13' title='bbox 1035 407 1221 466; x_wconf 81' lang='lat' dir='ltr'><em>obtigit.</em></span> <span class='ocrx_word' id='word_1_14' title='bbox 1254 408 1473 460; x_wconf 82' lang='lat' dir='ltr'><em>Offensus</em></span> <span class='ocrx_word' id='word_1_15' title='bbox 1502 409 1655 466; x_wconf 79' lang='lat' dir='ltr'><em>infida</em></span> 
     </span>
     <span class='ocr_line' id='line_1_5' title="bbox 326 472 1653 529; baseline 0.003 -15"><span class='ocrx_word' id='word_1_16' title='bbox 326 476 480 515; x_wconf 82' lang='lat' dir='ltr'><em>Vallae</em></span> <span class='ocrx_word' id='word_1_17' title='bbox 512 472 752 520; x_wconf 73' lang='lat' dir='ltr'><em>versione,</em></span> <span class='ocrx_word' id='word_1_18' title='bbox 783 488 968 515; x_wconf 80' lang='lat' dir='ltr'><em>errores</em></span> <span class='ocrx_word' id='word_1_19' title='bbox 1008 483 1053 516; x_wconf 87' lang='lat' dir='ltr'><em>et</em></span> <span class='ocrx_word' id='word_1_20' title='bbox 1079 484 1280 529; x_wconf 82' lang='lat' dir='ltr'><em>peccata</em></span> <span class='ocrx_word' id='word_1_21' title='bbox 1311 474 1411 516; x_wconf 82' lang='lat' dir='ltr'><em>eius</em></span> <span class='ocrx_word' id='word_1_22' title='bbox 1443 476 1653 518; x_wconf 80' lang='lat' dir='ltr'><em>callidis-</em></span> 
     </span>
     <span class='ocr_line' id='line_1_6' title="bbox 322 538 1652 601; baseline 0.003 -20"><span class='ocrx_word' id='word_1_23' title='bbox 322 539 439 582; x_wconf 86' lang='lat' dir='ltr'><em>sime</em></span> <span class='ocrx_word' id='word_1_24' title='bbox 466 538 721 595; x_wconf 74' lang='lat' dir='ltr'><em>patefecit,</em></span> <span class='ocrx_word' id='word_1_25' title='bbox 759 555 1050 594; x_wconf 80' lang='lat' dir='ltr'><em>omnemque,</em></span> <span class='ocrx_word' id='word_1_26' title='bbox 1088 539 1395 595; x_wconf 78' lang='lat' dir='ltr'><em>praescripta</em></span> <span class='ocrx_word' id='word_1_27' title='bbox 1442 544 1652 601; x_wconf 79' lang='lat' dir='ltr'><em>elegante</em></span> 
     </span>
     <span class='ocr_line' id='line_1_7' title="bbox 311 605 1650 666; baseline 0.004 -19"><span class='ocrx_word' id='word_1_28' title='bbox 311 622 410 662; x_wconf 80' lang='lat' dir='ltr'><em>pro</em></span> <span class='ocrx_word' id='word_1_29' title='bbox 441 607 693 647; x_wconf 78' lang='lat' dir='ltr'><em>Herodoto</em></span> <span class='ocrx_word' id='word_1_30' title='bbox 727 608 794 647; x_wconf 85' lang='lat' dir='ltr'><em>ad</em></span> <span class='ocrx_word' id='word_1_31' title='bbox 827 605 1164 649; x_wconf 73' lang='lat' dir='ltr'><em>criminatores</em></span> <span class='ocrx_word' id='word_1_32' title='bbox 1209 607 1483 666; x_wconf 77' lang='lat' dir='ltr'><em>Apologia,</em></span> <span class='ocrx_word' id='word_1_33' title='bbox 1519 625 1650 652; x_wconf 85' lang='lat' dir='ltr'><em>anno</em></span> 
     </span>
     <span class='ocr_line' id='line_1_8' title="bbox 322 672 1648 733; baseline 0.002 -18"><span class='ocrx_word' id='word_1_34' title='bbox 322 689 551 715; x_wconf 76' lang='lat' dir='ltr'><em>MDLXVJ.</em></span> <span class='ocrx_word' id='word_1_35' title='bbox 573 672 856 730; x_wconf 60' lang='lat' dir='ltr'><em>recognovit.</em></span> <span class='ocrx_word' id='word_1_36' title='bbox 886 673 1206 733; x_wconf 77' lang='lat' dir='ltr'><em>Quafunctus</em></span> <span class='ocrx_word' id='word_1_37' title='bbox 1226 690 1392 729; x_wconf 74' lang='lat' dir='ltr'><em>opera,</em></span> <span class='ocrx_word' id='word_1_38' title='bbox 1415 677 1648 717; x_wconf 83' lang='lat' dir='ltr'><em>Graecum</em></span> 
     </span>
     <span class='ocr_line' id='line_1_9' title="bbox 319 739 1648 795; baseline 0.001 -14"><span class='ocrx_word' id='word_1_39' title='bbox 319 741 424 781; x_wconf 82' lang='lat' dir='ltr'><em>Aldi</em></span> <span class='ocrx_word' id='word_1_40' title='bbox 449 741 710 793; x_wconf 69' lang='lat' dir='ltr'><em>exemplam</em></span> <span class='ocrx_word' id='word_1_41' title='bbox 749 739 1004 782; x_wconf 71' lang='lat' dir='ltr'><em>recentavit</em></span> <span class='ocrx_word' id='word_1_42' title='bbox 1035 756 1261 785; x_wconf 45' lang='lat' dir='ltr'><em>Minima,</em></span> <span class='ocrx_word' id='word_1_43' title='bbox 1297 750 1436 795; x_wconf 84' lang='lat' dir='ltr'><em>atque</em></span> <span class='ocrx_word' id='word_1_44' title='bbox 1471 744 1648 783; x_wconf 83' lang='lat' dir='ltr'><em>iterum</em></span> 
     </span>
     <span class='ocr_line' id='line_1_10' title="bbox 319 804 1649 861; baseline 0.002 -13"><span class='ocrx_word' id='word_1_45' title='bbox 319 821 527 848; x_wconf 78' lang='lat' dir='ltr'><strong><em>MDXCII.</em></strong></span> <span class='ocrx_word' id='word_1_46' title='bbox 557 804 794 860; x_wconf 76' lang='lat' dir='ltr'><em>adpositis</em></span> <span class='ocrx_word' id='word_1_47' title='bbox 812 836 821 850; x_wconf 91' lang='lat'>‚</span> <span class='ocrx_word' id='word_1_48' title='bbox 851 823 966 860; x_wconf 77' lang='lat' dir='ltr'><em>qaae</em></span> <span class='ocrx_word' id='word_1_49' title='bbox 992 805 1044 848; x_wconf 82' lang='lat' dir='ltr'><em>in</em></span> <span class='ocrx_word' id='word_1_50' title='bbox 1066 807 1237 861; x_wconf 71' lang='lat' dir='ltr'><em>priore</em></span> <span class='ocrx_word' id='word_1_51' title='bbox 1269 806 1518 855; x_wconf 79' lang='lat' dir='ltr'><em>omiserat,</em></span> <span class='ocrx_word' id='word_1_52' title='bbox 1543 811 1649 850; x_wconf 77' lang='lat' dir='ltr'><em>Val-</em></span> 
     </span>
     <span class='ocr_line' id='line_1_11' title="bbox 315 870 1647 929; baseline 0.002 -16"><span class='ocrx_word' id='word_1_53' title='bbox 315 876 385 913; x_wconf 82' lang='lat' dir='ltr'><em>lae</em></span> <span class='ocrx_word' id='word_1_54' title='bbox 413 871 620 913; x_wconf 79' lang='lat' dir='ltr'><em>Latinis.</em></span> <span class='ocrx_word' id='word_1_55' title='bbox 639 872 694 926; x_wconf 82' lang='grc'><em>“”)</em></span> <span class='ocrx_word' id='word_1_56' title='bbox 725 870 958 914; x_wconf 82' lang='lat' dir='ltr'><em>Rationes</em></span> <span class='ocrx_word' id='word_1_57' title='bbox 992 871 1212 915; x_wconf 80' lang='lat' dir='ltr'><em>instituti</em></span> <span class='ocrx_word' id='word_1_58' title='bbox 1234 873 1414 915; x_wconf 83' lang='lat' dir='ltr'><em>laboris</em></span> <span class='ocrx_word' id='word_1_59' title='bbox 1446 873 1517 915; x_wconf 85' lang='lat' dir='ltr'><em>sie</em></span> <span class='ocrx_word' id='word_1_60' title='bbox 1531 891 1647 929; x_wconf 81' lang='lat' dir='ltr'><em>pro-</em></span> 
     </span>
     <span class='ocr_line' id='line_1_12' title="bbox 316 936 1645 992; baseline 0.004 -14"><span class='ocrx_word' id='word_1_61' title='bbox 316 936 533 991; x_wconf 77' lang='lat' dir='ltr'><em>diclit:e)</em></span> <span class='ocrx_word' id='word_1_62' title='bbox 567 941 669 979; x_wconf 83' lang='lat' dir='ltr'><em>Nou</em></span> <span class='ocrx_word' id='word_1_63' title='bbox 698 953 769 979; x_wconf 88' lang='lat' dir='ltr'><em>eas</em></span> <span class='ocrx_word' id='word_1_64' title='bbox 792 947 991 991; x_wconf 83' lang='lat' dir='ltr'><em>tantum,</em></span> <span class='ocrx_word' id='word_1_65' title='bbox 1027 954 1135 992; x_wconf 82' lang='lat' dir='ltr'><em>quas</em></span> <span class='ocrx_word' id='word_1_66' title='bbox 1163 950 1284 991; x_wconf 82' lang='lat' dir='ltr'><em>ante,</em></span> <span class='ocrx_word' id='word_1_67' title='bbox 1323 941 1521 983; x_wconf 74' lang='lat' dir='ltr'><em>diversas</em></span> <span class='ocrx_word' id='word_1_68' title='bbox 1542 943 1645 983; x_wconf 87' lang='lat' dir='ltr'><em>scri-</em></span> 
     </span>
     <span class='ocr_line' id='line_1_13' title="bbox 318 993 1642 1061; baseline 0.003 -16"><span class='ocrx_word' id='word_1_69' title='bbox 318 1014 464 1058; x_wconf 80' lang='lat' dir='ltr'><em>pturas</em></span> <span class='ocrx_word' id='word_1_70' title='bbox 491 1005 570 1057; x_wconf 88' lang='lat' dir='ltr'><em>(ut</em></span> <span class='ocrx_word' id='word_1_71' title='bbox 591 1005 750 1046; x_wconf 80' lang='lat' dir='ltr'><em>Gracci</em></span> <span class='ocrx_word' id='word_1_72' title='bbox 780 1005 954 1057; x_wconf 51' lang='grc' dir='ltr'><em>διαφόρους</em></span> <span class='ocrx_word' id='word_1_73' title='bbox 982 1008 1121 1058; x_wconf 62' lang='grc' dir='ltr'><em>γραφεὶς</em></span> <span class='ocrx_word' id='word_1_74' title='bbox 1156 993 1413 1060; x_wconf 73' lang='lat' dir='ltr'><em>appellant)</em></span> <span class='ocrx_word' id='word_1_75' title='bbox 1436 1009 1642 1061; x_wconf 82' lang='lat' dir='ltr'><em>exhibui,</em></span> 
     </span>
     <span class='ocr_line' id='line_1_14' title="bbox 314 1073 1643 1122; baseline 0.002 -9"><span class='ocrx_word' id='word_1_76' title='bbox 314 1076 392 1114; x_wconf 86' lang='lat' dir='ltr'><em>sed</em></span> <span class='ocrx_word' id='word_1_77' title='bbox 427 1080 467 1113; x_wconf 86' lang='lat' dir='ltr'><em>ct</em></span> <span class='ocrx_word' id='word_1_78' title='bbox 509 1088 749 1113; x_wconf 81' lang='lat' dir='ltr'><em>numerum</em></span> <span class='ocrx_word' id='word_1_79' title='bbox 786 1087 937 1112; x_wconf 80' lang='lat' dir='ltr'><em>carum</em></span> <span class='ocrx_word' id='word_1_80' title='bbox 969 1073 1097 1122; x_wconf 82' lang='lat' dir='ltr'><em>auxi,</em></span> <span class='ocrx_word' id='word_1_81' title='bbox 1140 1082 1181 1114; x_wconf 86' lang='lat' dir='ltr'><em>et</em></span> <span class='ocrx_word' id='word_1_82' title='bbox 1222 1088 1406 1114; x_wconf 80' lang='lat' dir='ltr'><em>censura</em></span> <span class='ocrx_word' id='word_1_83' title='bbox 1441 1075 1643 1115; x_wconf 78' lang='lat' dir='ltr'><em>adhibita</em></span> 
     </span>
     <span class='ocr_line' id='line_1_15' title="bbox 316 1139 1644 1193; baseline 0.002 -13"><span class='ocrx_word' id='word_1_84' title='bbox 316 1142 528 1193; x_wconf 84' lang='lat' dir='ltr'><em>quasdam</em></span> <span class='ocrx_word' id='word_1_85' title='bbox 567 1139 880 1190; x_wconf 75' lang='lat' dir='ltr'><em>exauctoravi3</em></span> <span class='ocrx_word' id='word_1_86' title='bbox 921 1153 1016 1181; x_wconf 89' lang='lat' dir='ltr'><em>non</em></span> <span class='ocrx_word' id='word_1_87' title='bbox 1060 1148 1207 1181; x_wconf 81' lang='lat' dir='ltr'><em>tamen</em></span> <span class='ocrx_word' id='word_1_88' title='bbox 1247 1141 1309 1181; x_wconf 79' lang='lat' dir='ltr'><em>ita</em></span> <span class='ocrx_word' id='word_1_89' title='bbox 1346 1148 1395 1181; x_wconf 90' lang='lat' dir='ltr'><em>ut</em></span> <span class='ocrx_word' id='word_1_90' title='bbox 1433 1144 1644 1182; x_wconf 83' lang='lat' dir='ltr'><em>amanda-</em></span> 
     </span>
     <span class='ocr_line' id='line_1_16' title="bbox 314 1208 1643 1259; baseline 0.001 -11"><span class='ocrx_word' id='word_1_91' title='bbox 314 1223 407 1248; x_wconf 82' lang='lat' dir='ltr'><em>rem</em></span> <span class='ocrx_word' id='word_1_92' title='bbox 424 1240 435 1259; x_wconf 87' lang='lat'><em>,</em></span> <span class='ocrx_word' id='word_1_93' title='bbox 469 1209 547 1248; x_wconf 88' lang='lat' dir='ltr'><em>sed</em></span> <span class='ocrx_word' id='word_1_94' title='bbox 570 1215 742 1247; x_wconf 77' lang='lat' dir='ltr'><em>tantum</em></span> <span class='ocrx_word' id='word_1_95' title='bbox 775 1213 822 1246; x_wconf 87' lang='lat' dir='ltr'><em>ut</em></span> <span class='ocrx_word' id='word_1_96' title='bbox 845 1208 947 1246; x_wconf 90' lang='lat' dir='ltr'><em>loco</em></span> <span class='ocrx_word' id='word_1_97' title='bbox 968 1221 1049 1247; x_wconf 89' lang='lat' dir='ltr'><em>suo</em></span> <span class='ocrx_word' id='word_1_98' title='bbox 1082 1208 1213 1248; x_wconf 84' lang='lat' dir='ltr'><em>motis</em></span> <span class='ocrx_word' id='word_1_99' title='bbox 1232 1208 1369 1248; x_wconf 83' lang='lat' dir='ltr'><em>alium</em></span> <span class='ocrx_word' id='word_1_100' title='bbox 1395 1208 1542 1249; x_wconf 86' lang='lat' dir='ltr'><em>minus</em></span> <span class='ocrx_word' id='word_1_101' title='bbox 1562 1211 1643 1248; x_wconf 88' lang='lat' dir='ltr'><em>ho-</em></span> 
     </span>
     <span class='ocr_line' id='line_1_17' title="bbox 314 1273 1642 1326; baseline 0.001 -12"><span class='ocrx_word' id='word_1_102' title='bbox 314 1275 553 1315; x_wconf 82' lang='lat' dir='ltr'><em>norificum</em></span> <span class='ocrx_word' id='word_1_103' title='bbox 578 1276 743 1314; x_wconf 84' lang='lat' dir='ltr'><em>darem.</em></span> <span class='ocrx_word' id='word_1_104' title='bbox 774 1275 837 1313; x_wconf 77' lang='lat' dir='ltr'><em>Ex</em></span> <span class='ocrx_word' id='word_1_105' title='bbox 859 1273 957 1326; x_wconf 85' lang='lat' dir='ltr'><em>ipso</em></span> <span class='ocrx_word' id='word_1_106' title='bbox 995 1274 1115 1314; x_wconf 88' lang='lat' dir='ltr'><em>enim</em></span> <span class='ocrx_word' id='word_1_107' title='bbox 1136 1282 1253 1315; x_wconf 79' lang='lat' dir='ltr'><em>textu</em></span> <span class='ocrx_word' id='word_1_108' title='bbox 1275 1304 1285 1320; x_wconf 93' lang='lat'><em>,</em></span> <span class='ocrx_word' id='word_1_109' title='bbox 1314 1281 1363 1315; x_wconf 85' lang='lat' dir='ltr'><em>ut</em></span> <span class='ocrx_word' id='word_1_110' title='bbox 1386 1275 1523 1315; x_wconf 79' lang='lat' dir='ltr'><em>hodie</em></span> <span class='ocrx_word' id='word_1_111' title='bbox 1544 1290 1642 1316; x_wconf 91' lang='lat' dir='ltr'><em>mo-</em></span> 
     </span>
    </p>
   </div>
   <div class='ocr_carea' id='block_1_4' title="bbox 310 1425 955 2589">
    <p class='ocr_par' dir='ltr' id='par_1_4' title="bbox 310 1425 955 1700">
     <span class='ocr_line' id='line_1_18' title="bbox 369 1425 955 1480; baseline 0 -16"><span class='ocrx_word' id='word_1_112' title='bbox 369 1426 415 1476; x_wconf 81' lang='lat'><em>²“)</em></span> <span class='ocrx_word' id='word_1_113' title='bbox 447 1425 581 1480; x_wconf 85' lang='lat' dir='ltr'><em>[Duas</em></span> <span class='ocrx_word' id='word_1_114' title='bbox 606 1427 699 1465; x_wconf 81' lang='lat' dir='ltr'><em>istas</em></span> <span class='ocrx_word' id='word_1_115' title='bbox 724 1429 843 1465; x_wconf 85' lang='lat' dir='ltr'><em>Henr.</em></span> <span class='ocrx_word' id='word_1_116' title='bbox 876 1429 955 1464; x_wconf 73' lang='lat' dir='ltr'><em>Ste-</em></span> 
     </span>
     <span class='ocr_line' id='line_1_19' title="bbox 310 1483 954 1534; baseline 0 -14"><span class='ocrx_word' id='word_1_117' title='bbox 310 1484 429 1534; x_wconf 76' lang='lat' dir='ltr'><em>phani</em></span> <span class='ocrx_word' id='word_1_118' title='bbox 456 1483 652 1522; x_wconf 81' lang='lat' dir='ltr'><em>editiones</em></span> <span class='ocrx_word' id='word_1_119' title='bbox 686 1484 729 1519; x_wconf 87' lang='lat' dir='ltr'><em>in</em></span> <span class='ocrx_word' id='word_1_120' title='bbox 762 1485 954 1520; x_wconf 75' lang='lat' dir='ltr'><em>Varietate</em></span> 
     </span>
     <span class='ocr_line' id='line_1_20' title="bbox 313 1539 954 1577; baseline -0.005 -1"><span class='ocrx_word' id='word_1_121' title='bbox 313 1542 499 1577; x_wconf 82' lang='lat' dir='ltr'><em>Lectionis</em></span> <span class='ocrx_word' id='word_1_122' title='bbox 532 1540 593 1575; x_wconf 78' lang='lat' dir='ltr'><em>his</em></span> <span class='ocrx_word' id='word_1_123' title='bbox 625 1540 730 1576; x_wconf 84' lang='lat' dir='ltr'><em>notis</em></span> <span class='ocrx_word' id='word_1_124' title='bbox 762 1539 954 1576; x_wconf 80' lang='lat' dir='ltr'><em>distinxi-</em></span> 
     </span>
     <span class='ocr_line' id='line_1_21' title="bbox 315 1597 952 1645; baseline -0.002 -14"><span class='ocrx_word' id='word_1_125' title='bbox 315 1609 406 1632; x_wconf 88' lang='lat' dir='ltr'><em>mus</em></span> <span class='ocrx_word' id='word_1_126' title='bbox 431 1623 440 1641; x_wconf 86' lang='lat'><em>,</em></span> <span class='ocrx_word' id='word_1_127' title='bbox 483 1597 538 1632; x_wconf 81' lang='lat' dir='ltr'><em>ed.</em></span> <span class='ocrx_word' id='word_1_128' title='bbox 575 1597 701 1645; x_wconf 79' lang='lat' dir='ltr'><em>Steph.</em></span> <span class='ocrx_word' id='word_1_129' title='bbox 745 1609 777 1632; x_wconf 87' lang='lat'><em>1.</em></span> <span class='ocrx_word' id='word_1_130' title='bbox 818 1601 856 1632; x_wconf 85' lang='lat' dir='ltr'><em>et</em></span> <span class='ocrx_word' id='word_1_131' title='bbox 897 1597 952 1632; x_wconf 82' lang='lat' dir='ltr'><em>ed.</em></span> 
     </span>
     <span class='ocr_line' id='line_1_22' title="bbox 313 1649 582 1700; baseline -0.004 -12"><span class='ocrx_word' id='word_1_132' title='bbox 313 1652 439 1700; x_wconf 77' lang='lat' dir='ltr'><em>Steph.</em></span> <span class='ocrx_word' id='word_1_133' title='bbox 465 1664 499 1688; x_wconf 89' lang='lat'><em>2.</em></span> <span class='ocrx_word' id='word_1_134' title='bbox 520 1649 582 1697; x_wconf 81' lang='lat' dir='ltr'><em>S.]</em></span> 
     </span>
    </p>

    <p class='ocr_par' dir='ltr' id='par_1_5' title="bbox 314 1704 953 1800">
     <span class='ocr_line' id='line_1_23' title="bbox 371 1704 953 1757; baseline -0.002 -13"><span class='ocrx_word' id='word_1_135' title='bbox 371 1704 423 1757; x_wconf 85' lang='lat' dir='ltr'><em>e)</em></span> <span class='ocrx_word' id='word_1_136' title='bbox 454 1710 498 1744; x_wconf 88' lang='lat' dir='ltr'><em>In</em></span> <span class='ocrx_word' id='word_1_137' title='bbox 527 1706 777 1755; x_wconf 81' lang='lat' dir='ltr'><em>praefatione</em></span> <span class='ocrx_word' id='word_1_138' title='bbox 798 1706 953 1743; x_wconf 84' lang='lat' dir='ltr'><em>Editio-</em></span> 
     </span>
     <span class='ocr_line' id='line_1_24' title="bbox 314 1763 733 1800; baseline 0.002 -2"><span class='ocrx_word' id='word_1_139' title='bbox 314 1763 379 1798; x_wconf 90' lang='lat' dir='ltr'><em>nis</em></span> <span class='ocrx_word' id='word_1_140' title='bbox 400 1766 546 1800; x_wconf 78' lang='lat' dir='ltr'><em>Gracco</em></span> <span class='ocrx_word' id='word_1_141' title='bbox 569 1763 733 1799; x_wconf 85' lang='lat' dir='ltr'><em>latinae.</em></span> 
     </span>
    </p>

    <p class='ocr_par' dir='ltr' id='par_1_6' title="bbox 310 1813 951 2589">
     <span class='ocr_line' id='line_1_25' title="bbox 368 1813 951 1869; baseline 0 -16"><span class='ocrx_word' id='word_1_142' title='bbox 368 1816 445 1868; x_wconf 55' lang='lat'><em>²⁴&#39;²²)</em></span> <span class='ocrx_word' id='word_1_143' title='bbox 474 1813 764 1869; x_wconf 80' lang='lat' dir='ltr'><em>[Quamquam</em></span> <span class='ocrx_word' id='word_1_144' title='bbox 802 1817 951 1854; x_wconf 83' lang='lat' dir='ltr'><em>titulus</em></span> 
     </span>
     <span class='ocr_line' id='line_1_26' title="bbox 315 1873 951 1923; baseline -0.002 -13"><span class='ocrx_word' id='word_1_145' title='bbox 315 1873 464 1922; x_wconf 82' lang='lat' dir='ltr'><em>prioris</em></span> <span class='ocrx_word' id='word_1_146' title='bbox 488 1875 669 1910; x_wconf 78' lang='lat' dir='ltr'><em>Editionis</em></span> <span class='ocrx_word' id='word_1_147' title='bbox 691 1874 951 1923; x_wconf 69' lang='lat' dir='ltr'><em>Stephanione,</em></span> 
     </span>
     <span class='ocr_line' id='line_1_27' title="bbox 313 1924 950 1978; baseline 0 -13"><span class='ocrx_word' id='word_1_148' title='bbox 313 1941 418 1978; x_wconf 86' lang='lat' dir='ltr'><em>quae</em></span> <span class='ocrx_word' id='word_1_149' title='bbox 453 1932 600 1967; x_wconf 84' lang='lat' dir='ltr'><em>Graeca</em></span> <span class='ocrx_word' id='word_1_150' title='bbox 641 1924 722 1965; x_wconf 74' lang='lat' dir='ltr'><em>sola&#39;</em></span> <span class='ocrx_word' id='word_1_151' title='bbox 762 1929 950 1973; x_wconf 78' lang='lat' dir='ltr'><em>exhibet,</em></span> 
     </span>
     <span class='ocr_line' id='line_1_28' title="bbox 312 1985 951 2032; baseline -0.002 -11"><span class='ocrx_word' id='word_1_152' title='bbox 312 1986 496 2021; x_wconf 86' lang='lat' dir='ltr'><em>Herodoti</em></span> <span class='ocrx_word' id='word_1_153' title='bbox 521 1985 633 2021; x_wconf 84' lang='lat' dir='ltr'><em>libros</em></span> <span class='ocrx_word' id='word_1_154' title='bbox 665 1986 765 2032; x_wconf 79' lang='lat' dir='ltr'><em>profi</em></span> <span class='ocrx_word' id='word_1_155' title='bbox 776 1990 883 2020; x_wconf 78' lang='lat' dir='ltr'><em>tetur</em></span> <span class='ocrx_word' id='word_1_156' title='bbox 908 1998 951 2021; x_wconf 68' lang='lat' dir='ltr'><em>ex</em></span> 
     </span>
     <span class='ocr_line' id='line_1_29' title="bbox 312 2041 951 2089; baseline 0 -13"><span class='ocrx_word' id='word_1_157' title='bbox 312 2043 462 2077; x_wconf 82' lang='lat' dir='ltr'><em>vetustis</em></span> <span class='ocrx_word' id='word_1_158' title='bbox 495 2041 755 2089; x_wconf 72' lang='lat' dir='ltr'><em>exemplaribus</em></span> <span class='ocrx_word' id='word_1_159' title='bbox 784 2043 951 2089; x_wconf 79' lang='lat' dir='ltr'><em>recogni-</em></span> 
     </span>
     <span class='ocr_line' id='line_1_30' title="bbox 314 2096 949 2141; baseline -0.002 -9"><span class='ocrx_word' id='word_1_160' title='bbox 314 2103 392 2141; x_wconf 87' lang='lat' dir='ltr'><em>tos;</em></span> <span class='ocrx_word' id='word_1_161' title='bbox 422 2101 555 2131; x_wconf 83' lang='lat' dir='ltr'><em>tamen</em></span> <span class='ocrx_word' id='word_1_162' title='bbox 590 2108 662 2132; x_wconf 75' lang='lat' dir='ltr'><em>nce</em></span> <span class='ocrx_word' id='word_1_163' title='bbox 692 2096 736 2130; x_wconf 91' lang='lat' dir='ltr'><em>in</em></span> <span class='ocrx_word' id='word_1_164' title='bbox 769 2096 949 2131; x_wconf 78' lang='lat' dir='ltr'><em>ciusdem</em></span> 
     </span>
     <span class='ocr_line' id='line_1_31' title="bbox 313 2148 950 2196; baseline 0 -8"><span class='ocrx_word' id='word_1_165' title='bbox 313 2151 538 2196; x_wconf 70' lang='lat' dir='ltr'><em>Editionis,</em></span> <span class='ocrx_word' id='word_1_166' title='bbox 579 2163 650 2187; x_wconf 83' lang='lat' dir='ltr'><em>nec</em></span> <span class='ocrx_word' id='word_1_167' title='bbox 694 2151 738 2186; x_wconf 85' lang='lat' dir='ltr'><em>in</em></span> <span class='ocrx_word' id='word_1_168' title='bbox 779 2148 950 2188; x_wconf 77' lang='lat' dir='ltr'><em>alterius</em></span> 
     </span>
     <span class='ocr_line' id='line_1_32' title="bbox 312 2206 951 2243; baseline -0.003 0"><span class='ocrx_word' id='word_1_169' title='bbox 312 2207 564 2243; x_wconf 79' lang='lat' dir='ltr'><em>Praefatione</em></span> <span class='ocrx_word' id='word_1_170' title='bbox 597 2206 846 2242; x_wconf 75' lang='lat' dir='ltr'><em>mentionem</em></span> <span class='ocrx_word' id='word_1_171' title='bbox 887 2207 951 2241; x_wconf 91' lang='lat' dir='ltr'><em>ul-</em></span> 
     </span>
     <span class='ocr_line' id='line_1_33' title="bbox 313 2262 951 2299; baseline 0 -2"><span class='ocrx_word' id='word_1_172' title='bbox 313 2263 396 2298; x_wconf 80' lang='lat' dir='ltr'><em>lam</em></span> <span class='ocrx_word' id='word_1_173' title='bbox 419 2262 514 2298; x_wconf 77' lang='lat' dir='ltr'><em>feeit</em></span> <span class='ocrx_word' id='word_1_174' title='bbox 528 2262 669 2299; x_wconf 77' lang='lat' dir='ltr'><em>Editor</em></span> <span class='ocrx_word' id='word_1_175' title='bbox 688 2263 859 2299; x_wconf 78' lang='lat' dir='ltr'><em>Codicum.</em></span> <span class='ocrx_word' id='word_1_176' title='bbox 875 2276 951 2298; x_wconf 86' lang='lat' dir='ltr'><em>ma-</em></span> 
     </span>
     <span class='ocr_line' id='line_1_34' title="bbox 314 2317 950 2367; baseline -0.002 -13"><span class='ocrx_word' id='word_1_177' title='bbox 314 2320 580 2367; x_wconf 79' lang='lat' dir='ltr'><em>nuscriptorum</em></span> <span class='ocrx_word' id='word_1_178' title='bbox 601 2330 621 2353; x_wconf 83' lang='lat' dir='ltr'><em>a</em></span> <span class='ocrx_word' id='word_1_179' title='bbox 644 2329 683 2353; x_wconf 89' lang='lat' dir='ltr'><em>se</em></span> <span class='ocrx_word' id='word_1_180' title='bbox 698 2317 747 2353; x_wconf 78' lang='lat' dir='ltr'><em>ad</em></span> <span class='ocrx_word' id='word_1_181' title='bbox 767 2329 950 2367; x_wconf 79' lang='lat' dir='ltr'><em>recogno-</em></span> 
     </span>
     <span class='ocr_line' id='line_1_35' title="bbox 311 2372 950 2411; baseline -0.005 -1"><span class='ocrx_word' id='word_1_182' title='bbox 311 2374 474 2411; x_wconf 85' lang='lat' dir='ltr'><em>scendos</em></span> <span class='ocrx_word' id='word_1_183' title='bbox 493 2372 679 2409; x_wconf 69' lang='lat' dir='ltr'><em>Herodoti</em></span> <span class='ocrx_word' id='word_1_184' title='bbox 695 2374 822 2409; x_wconf 82' lang='lat' dir='ltr'><em>libros</em></span> <span class='ocrx_word' id='word_1_185' title='bbox 835 2372 950 2408; x_wconf 78' lang='lat' dir='ltr'><em>adhi-</em></span> 
     </span>
     <span class='ocr_line' id='line_1_36' title="bbox 310 2428 949 2476; baseline -0.002 -11"><span class='ocrx_word' id='word_1_186' title='bbox 310 2429 507 2466; x_wconf 85' lang='lat' dir='ltr'><em>bitorum.</em></span> <span class='ocrx_word' id='word_1_187' title='bbox 528 2429 638 2476; x_wconf 86' lang='lat' dir='ltr'><em>Quin</em></span> <span class='ocrx_word' id='word_1_188' title='bbox 653 2428 742 2464; x_wconf 85' lang='lat' dir='ltr'><em>etin</em></span> <span class='ocrx_word' id='word_1_189' title='bbox 755 2428 949 2464; x_wconf 73' lang='lat' dir='ltr'><em>secundae</em></span> 
     </span>
     <span class='ocr_line' id='line_1_37' title="bbox 311 2484 947 2522; baseline -0.003 0"><span class='ocrx_word' id='word_1_190' title='bbox 311 2484 514 2522; x_wconf 67' lang='lat' dir='ltr'><em>Editionis</em></span> <span class='ocrx_word' id='word_1_191' title='bbox 561 2484 811 2520; x_wconf 65' lang='lat' dir='ltr'><em>Praefatioue</em></span> <span class='ocrx_word' id='word_1_192' title='bbox 853 2484 947 2520; x_wconf 80' lang='lat' dir='ltr'><em>satis</em></span> 
     </span>
     <span class='ocr_line' id='line_1_38' title="bbox 311 2540 947 2589; baseline -0.002 -12"><span class='ocrx_word' id='word_1_193' title='bbox 311 2540 435 2578; x_wconf 83' lang='lat' dir='ltr'><em>etiam</em></span> <span class='ocrx_word' id='word_1_194' title='bbox 462 2540 609 2577; x_wconf 81' lang='lat' dir='ltr'><em>diserte</em></span> <span class='ocrx_word' id='word_1_195' title='bbox 639 2540 839 2589; x_wconf 73' lang='lat' dir='ltr'><em>professus</em></span> <span class='ocrx_word' id='word_1_196' title='bbox 868 2545 947 2585; x_wconf 71' lang='lat' dir='ltr'><em>est,</em></span> 
     </span>
    </p>
   </div>
   <div class='ocr_carea' id='block_1_5' title="bbox 995 1426 1640 2587">
    <p class='ocr_par' dir='ltr' id='par_1_7' title="bbox 995 1426 1640 2587">
     <span class='ocr_line' id='line_1_39' title="bbox 1002 1426 1639 1464; baseline -0.002 0"><span class='ocrx_word' id='word_1_197' title='bbox 1002 1426 1154 1464; x_wconf 77' lang='lat' dir='ltr'><em>frustra</em></span> <span class='ocrx_word' id='word_1_198' title='bbox 1175 1439 1214 1464; x_wconf 88' lang='lat' dir='ltr'><em>se</em></span> <span class='ocrx_word' id='word_1_199' title='bbox 1234 1427 1283 1464; x_wconf 86' lang='lat' dir='ltr'><em>ad</em></span> <span class='ocrx_word' id='word_1_200' title='bbox 1304 1427 1430 1464; x_wconf 89' lang='lat' dir='ltr'><em>illum</em></span> <span class='ocrx_word' id='word_1_201' title='bbox 1449 1427 1558 1464; x_wconf 88' lang='lat' dir='ltr'><em>diem</em></span> <span class='ocrx_word' id='word_1_202' title='bbox 1573 1439 1639 1463; x_wconf 88' lang='lat' dir='ltr'><em>ve-</em></span> 
     </span>
     <span class='ocr_line' id='line_1_40' title="bbox 1004 1483 1640 1532; baseline -0.002 -13"><span class='ocrx_word' id='word_1_203' title='bbox 1004 1488 1067 1519; x_wconf 84' lang='lat' dir='ltr'><em>tus</em></span> <span class='ocrx_word' id='word_1_204' title='bbox 1095 1484 1325 1532; x_wconf 80' lang='lat' dir='ltr'><em>exemplar,</em></span> <span class='ocrx_word' id='word_1_205' title='bbox 1360 1495 1380 1519; x_wconf 88' lang='lat' dir='ltr'><em>e</em></span> <span class='ocrx_word' id='word_1_206' title='bbox 1400 1496 1482 1531; x_wconf 88' lang='lat' dir='ltr'><em>quo</em></span> <span class='ocrx_word' id='word_1_207' title='bbox 1516 1483 1558 1518; x_wconf 87' lang='lat' dir='ltr'><em>hi</em></span> <span class='ocrx_word' id='word_1_208' title='bbox 1588 1483 1640 1518; x_wconf 87' lang='lat' dir='ltr'><em>li-</em></span> 
     </span>
     <span class='ocr_line' id='line_1_41' title="bbox 1002 1539 1639 1588; baseline 0.002 -14"><span class='ocrx_word' id='word_1_209' title='bbox 1002 1539 1066 1574; x_wconf 81' lang='lat' dir='ltr'><em>hri</em></span> <span class='ocrx_word' id='word_1_210' title='bbox 1102 1539 1251 1587; x_wconf 65' lang='lat' dir='ltr'><em>corrigi</em></span> <span class='ocrx_word' id='word_1_211' title='bbox 1289 1545 1472 1588; x_wconf 81' lang='lat' dir='ltr'><em>possent,</em></span> <span class='ocrx_word' id='word_1_212' title='bbox 1504 1550 1639 1586; x_wconf 78' lang='lat' dir='ltr'><em>exspe-</em></span> 
     </span>
     <span class='ocr_line' id='line_1_42' title="bbox 1001 1594 1639 1643; baseline 0.002 -12"><span class='ocrx_word' id='word_1_213' title='bbox 1001 1600 1134 1632; x_wconf 77' lang='lat' dir='ltr'><em>ctasse.</em></span> <span class='ocrx_word' id='word_1_214' title='bbox 1201 1598 1360 1643; x_wconf 76' lang='lat' dir='ltr'><em>Atque,</em></span> <span class='ocrx_word' id='word_1_215' title='bbox 1411 1601 1459 1630; x_wconf 93' lang='lat' dir='ltr'><em>ut</em></span> <span class='ocrx_word' id='word_1_216' title='bbox 1505 1594 1639 1632; x_wconf 82' lang='lat' dir='ltr'><em>dicam</em></span> 
     </span>
     <span class='ocr_line' id='line_1_43' title="bbox 1001 1649 1637 1699; baseline -0.003 -12"><span class='ocrx_word' id='word_1_217' title='bbox 1001 1650 1108 1699; x_wconf 86' lang='lat' dir='ltr'><em>quod</em></span> <span class='ocrx_word' id='word_1_218' title='bbox 1143 1651 1292 1696; x_wconf 85' lang='lat' dir='ltr'><em>sentio,</em></span> <span class='ocrx_word' id='word_1_219' title='bbox 1331 1649 1495 1686; x_wconf 85' lang='lat' dir='ltr'><em>videtur</em></span> <span class='ocrx_word' id='word_1_220' title='bbox 1530 1649 1637 1686; x_wconf 87' lang='lat' dir='ltr'><em>mihi</em></span> 
     </span>
     <span class='ocr_line' id='line_1_44' title="bbox 999 1706 1638 1755; baseline 0 -13"><span class='ocrx_word' id='word_1_221' title='bbox 999 1708 1053 1742; x_wconf 88' lang='lat' dir='ltr'><em>H.</em></span> <span class='ocrx_word' id='word_1_222' title='bbox 1085 1707 1290 1755; x_wconf 79' lang='lat' dir='ltr'><em>Stephanus</em></span> <span class='ocrx_word' id='word_1_223' title='bbox 1325 1706 1495 1742; x_wconf 86' lang='lat' dir='ltr'><em>nullum</em></span> <span class='ocrx_word' id='word_1_224' title='bbox 1524 1718 1638 1754; x_wconf 83' lang='lat' dir='ltr'><em>pror-</em></span> 
     </span>
     <span class='ocr_line' id='line_1_45' title="bbox 999 1760 1634 1809; baseline -0.003 -11"><span class='ocrx_word' id='word_1_225' title='bbox 999 1774 1065 1798; x_wconf 86' lang='lat' dir='ltr'><em>sus</em></span> <span class='ocrx_word' id='word_1_226' title='bbox 1079 1762 1265 1798; x_wconf 77' lang='lat' dir='ltr'><em>Codicem</em></span> <span class='ocrx_word' id='word_1_227' title='bbox 1284 1760 1611 1809; x_wconf 81' lang='lat' dir='ltr'><em>manuscriptum</em></span> <span class='ocrx_word' id='word_1_228' title='bbox 1624 1788 1634 1806; x_wconf 83' lang='lat'>‚</span> 
     </span>
     <span class='ocr_line' id='line_1_46' title="bbox 997 1815 1638 1854; baseline -0.005 -1"><span class='ocrx_word' id='word_1_229' title='bbox 997 1817 1046 1853; x_wconf 84' lang='lat' dir='ltr'><em>ad</em></span> <span class='ocrx_word' id='word_1_230' title='bbox 1073 1817 1190 1853; x_wconf 87' lang='lat' dir='ltr'><em>cuius</em></span> <span class='ocrx_word' id='word_1_231' title='bbox 1212 1817 1331 1854; x_wconf 87' lang='lat' dir='ltr'><em>fidem</em></span> <span class='ocrx_word' id='word_1_232' title='bbox 1354 1815 1542 1853; x_wconf 79' lang='lat' dir='ltr'><em>Herodoti</em></span> <span class='ocrx_word' id='word_1_233' title='bbox 1568 1816 1638 1852; x_wconf 89' lang='lat' dir='ltr'><em>Hi-</em></span> 
     </span>
     <span class='ocr_line' id='line_1_47' title="bbox 998 1872 1636 1922; baseline -0.003 -13"><span class='ocrx_word' id='word_1_234' title='bbox 998 1873 1140 1909; x_wconf 82' lang='lat' dir='ltr'><em>storias</em></span> <span class='ocrx_word' id='word_1_235' title='bbox 1156 1877 1464 1922; x_wconf 72' lang='lat' dir='ltr'><em>recognosceret,</em></span> <span class='ocrx_word' id='word_1_236' title='bbox 1477 1872 1526 1907; x_wconf 92' lang='lat' dir='ltr'><em>ob</em></span> <span class='ocrx_word' id='word_1_237' title='bbox 1541 1884 1636 1907; x_wconf 89' lang='lat' dir='ltr'><em>ocu-</em></span> 
     </span>
     <span class='ocr_line' id='line_1_48' title="bbox 997 1926 1634 1976; baseline 0 -13"><span class='ocrx_word' id='word_1_238' title='bbox 997 1929 1056 1965; x_wconf 86' lang='lat' dir='ltr'><em>los</em></span> <span class='ocrx_word' id='word_1_239' title='bbox 1092 1929 1288 1964; x_wconf 82' lang='lat' dir='ltr'><em>habuisse.</em></span> <span class='ocrx_word' id='word_1_240' title='bbox 1335 1927 1452 1976; x_wconf 88' lang='lat' dir='ltr'><em>Quod</em></span> <span class='ocrx_word' id='word_1_241' title='bbox 1476 1926 1509 1963; x_wconf 89' lang='lat' dir='ltr'><em>si</em></span> <span class='ocrx_word' id='word_1_242' title='bbox 1539 1926 1634 1976; x_wconf 85' lang='lat' dir='ltr'><em>quis</em></span> 
     </span>
     <span class='ocr_line' id='line_1_49' title="bbox 997 1982 1634 2031; baseline -0.002 -12"><span class='ocrx_word' id='word_1_243' title='bbox 997 1996 1091 2020; x_wconf 84' lang='lat' dir='ltr'><em>vcro</em></span> <span class='ocrx_word' id='word_1_244' title='bbox 1121 1996 1168 2020; x_wconf 79' lang='lat' dir='ltr'><em>ex</em></span> <span class='ocrx_word' id='word_1_245' title='bbox 1201 1995 1265 2020; x_wconf 85' lang='lat' dir='ltr'><em>me</em></span> <span class='ocrx_word' id='word_1_246' title='bbox 1289 1987 1485 2031; x_wconf 77' lang='lat' dir='ltr'><em>quaerat,</em></span> <span class='ocrx_word' id='word_1_247' title='bbox 1526 1982 1634 2018; x_wconf 89' lang='lat' dir='ltr'><em>unde</em></span> 
     </span>
     <span class='ocr_line' id='line_1_50' title="bbox 998 2036 1634 2089; baseline 0 -16"><span class='ocrx_word' id='word_1_248' title='bbox 998 2039 1128 2088; x_wconf 76' lang='lat' dir='ltr'><em>igitur</em></span> <span class='ocrx_word' id='word_1_249' title='bbox 1150 2036 1387 2089; x_wconf 60' lang='lat' dir='ltr'><em>Sirrcygxoei&#39;oeg</em></span> <span class='ocrx_word' id='word_1_250' title='bbox 1415 2038 1511 2078; x_wconf 76' lang='lat' dir='ltr'><em>illas</em></span> <span class='ocrx_word' id='word_1_251' title='bbox 1533 2038 1634 2074; x_wconf 89' lang='lat' dir='ltr'><em>hau-</em></span> 
     </span>
     <span class='ocr_line' id='line_1_51' title="bbox 997 2093 1633 2143; baseline -0.002 -13"><span class='ocrx_word' id='word_1_252' title='bbox 997 2094 1096 2130; x_wconf 71' lang='lat' dir='ltr'><em>serit</em></span> <span class='ocrx_word' id='word_1_253' title='bbox 1121 2095 1370 2142; x_wconf 73' lang='lat' dir='ltr'><em>Stephanus,</em></span> <span class='ocrx_word' id='word_1_254' title='bbox 1402 2106 1502 2143; x_wconf 79' lang='lat' dir='ltr'><em>quas</em></span> <span class='ocrx_word' id='word_1_255' title='bbox 1523 2098 1562 2129; x_wconf 89' lang='lat' dir='ltr'><em>et</em></span> <span class='ocrx_word' id='word_1_256' title='bbox 1588 2093 1633 2129; x_wconf 87' lang='lat' dir='ltr'><em>in</em></span> 
     </span>
     <span class='ocr_line' id='line_1_52' title="bbox 999 2148 1636 2198; baseline -0.003 -13"><span class='ocrx_word' id='word_1_257' title='bbox 999 2149 1146 2197; x_wconf 81' lang='lat' dir='ltr'><em>prioris</em></span> <span class='ocrx_word' id='word_1_258' title='bbox 1194 2148 1386 2186; x_wconf 77' lang='lat' dir='ltr'><em>editionis</em></span> <span class='ocrx_word' id='word_1_259' title='bbox 1437 2148 1636 2198; x_wconf 83' lang='lat' dir='ltr'><em>margini-</em></span> 
     </span>
     <span class='ocr_line' id='line_1_53' title="bbox 998 2203 1631 2253; baseline -0.005 -12"><span class='ocrx_word' id='word_1_260' title='bbox 998 2207 1091 2249; x_wconf 71' lang='lat' dir='ltr'><em>bus,</em></span> <span class='ocrx_word' id='word_1_261' title='bbox 1118 2210 1157 2241; x_wconf 88' lang='lat' dir='ltr'><em>et</em></span> <span class='ocrx_word' id='word_1_262' title='bbox 1181 2205 1419 2253; x_wconf 86' lang='lat' dir='ltr'><em>copiosiores</em></span> <span class='ocrx_word' id='word_1_263' title='bbox 1442 2204 1564 2240; x_wconf 82' lang='lat' dir='ltr'><em>etiam</em></span> <span class='ocrx_word' id='word_1_264' title='bbox 1586 2203 1631 2239; x_wconf 87' lang='lat' dir='ltr'><em>in</em></span> 
     </span>
     <span class='ocr_line' id='line_1_54' title="bbox 998 2259 1632 2311; baseline -0.005 -13"><span class='ocrx_word' id='word_1_265' title='bbox 998 2260 1198 2298; x_wconf 72' lang='lat' dir='ltr'><em>Editionis</em></span> <span class='ocrx_word' id='word_1_266' title='bbox 1218 2260 1527 2311; x_wconf 77' lang='lat' dir='ltr'><em>graeco-latinae</em></span> <span class='ocrx_word' id='word_1_267' title='bbox 1549 2259 1632 2295; x_wconf 90' lang='lat' dir='ltr'><em>oris</em></span> 
     </span>
     <span class='ocr_line' id='line_1_55' title="bbox 997 2315 1634 2364; baseline -0.003 -12"><span class='ocrx_word' id='word_1_268' title='bbox 997 2316 1215 2352; x_wconf 75' lang='lat' dir='ltr'><em>exhibuit?</em></span> <span class='ocrx_word' id='word_1_269' title='bbox 1257 2316 1439 2364; x_wconf 83' lang='lat' dir='ltr'><em>primum</em></span> <span class='ocrx_word' id='word_1_270' title='bbox 1468 2315 1541 2351; x_wconf 88' lang='lat' dir='ltr'><em>hoc</em></span> <span class='ocrx_word' id='word_1_271' title='bbox 1577 2322 1634 2351; x_wconf 86' lang='lat' dir='ltr'><em>te-</em></span> 
     </span>
     <span class='ocr_line' id='line_1_56' title="bbox 997 2369 1633 2415; baseline -0.002 -8"><span class='ocrx_word' id='word_1_272' title='bbox 997 2372 1179 2408; x_wconf 82' lang='lat' dir='ltr'><em>nendum</em></span> <span class='ocrx_word' id='word_1_273' title='bbox 1215 2378 1294 2415; x_wconf 82' lang='lat' dir='ltr'><em>cst,</em></span> <span class='ocrx_word' id='word_1_274' title='bbox 1341 2382 1421 2406; x_wconf 87' lang='lat' dir='ltr'><em>esse</em></span> <span class='ocrx_word' id='word_1_275' title='bbox 1456 2369 1633 2406; x_wconf 80' lang='lat' dir='ltr'><em>illarum</em></span> 
     </span>
     <span class='ocr_line' id='line_1_57' title="bbox 995 2425 1631 2476; baseline -0.003 -12"><span class='ocrx_word' id='word_1_276' title='bbox 995 2429 1209 2464; x_wconf 83' lang='lat' dir='ltr'><em>Lectionum</em></span> <span class='ocrx_word' id='word_1_277' title='bbox 1255 2427 1514 2476; x_wconf 79' lang='lat' dir='ltr'><em>marginalium</em></span> <span class='ocrx_word' id='word_1_278' title='bbox 1551 2425 1631 2462; x_wconf 84' lang='lat' dir='ltr'><em>tria</em></span> 
     </span>
     <span class='ocr_line' id='line_1_58' title="bbox 995 2481 1630 2532; baseline -0.003 -14"><span class='ocrx_word' id='word_1_279' title='bbox 995 2495 1153 2532; x_wconf 85' lang='lat' dir='ltr'><em>genera.</em></span> <span class='ocrx_word' id='word_1_280' title='bbox 1172 2482 1347 2527; x_wconf 74' lang='lat' dir='ltr'><em>Scilicet,</em></span> <span class='ocrx_word' id='word_1_281' title='bbox 1365 2481 1520 2519; x_wconf 84' lang='lat' dir='ltr'><em>tametsi</em></span> <span class='ocrx_word' id='word_1_282' title='bbox 1538 2481 1630 2517; x_wconf 87' lang='lat' dir='ltr'><em>uni-</em></span> 
     </span>
     <span class='ocr_line' id='line_1_59' title="bbox 995 2538 1628 2587; baseline -0.003 -12"><span class='ocrx_word' id='word_1_283' title='bbox 995 2539 1146 2587; x_wconf 86' lang='lat' dir='ltr'><em>cuique</em></span> <span class='ocrx_word' id='word_1_284' title='bbox 1181 2550 1323 2574; x_wconf 77' lang='lat' dir='ltr'><em>earum</em></span> <span class='ocrx_word' id='word_1_285' title='bbox 1353 2538 1456 2574; x_wconf 84' lang='lat' dir='ltr'><em>hanc</em></span> <span class='ocrx_word' id='word_1_286' title='bbox 1491 2543 1628 2574; x_wconf 85' lang='lat' dir='ltr'><em>notam</em></span> 
     </span>
    </p>
   </div>
  </div>
 </body>
</html>
