1732 2951
335 233 488 266 xxxu
720 215 1312 264 PRAEFATIO.

334 330 446 371 lium
469 327 689 382 Epistola
714 327 862 372 dedit,
886 335 930 368 et
954 325 1117 381 sperni
1131 333 1303 379 potest.
1348 325 1418 367 At
1431 325 1651 381 plurima

335 399 391 438 Is.
412 397 592 439 Vossius
605 393 885 452 fragmenta
913 392 1155 434 Herodoti
1175 391 1373 435 detexit,
1393 409 1507 445 quae
1527 392 1656 436 nihil

333 471 524 505 nostras
546 463 611 502 ad
629 463 815 506 Blusaae
845 475 898 500 ea
925 458 1088 512 promi
1112 473 1168 499 ex
1190 459 1532 502 Conmentariis
1559 462 1653 502 Re.

332 545 440 570 rum
462 526 833 586 Assyriacarum
849 523 1086 579 potuisse.
1111 524 1160 576 u)
1191 524 1514 579 suspicantur.
1551 529 1648 569 Fa-

333 605 438 639 teor
465 598 593 636 ultro
617 624 627 637 .
664 592 782 635 talia
815 591 864 633 in
895 591 1329 633 Grammaticorum
1374 592 1573 635 scholiis
1604 601 1651 637 et

330 661 521 706 Leoeicis
556 659 783 703 inveniri,
812 674 928 712 quae
956 661 1010 698 Is.
1036 659 1241 709 Vossius,
1265 659 1405 700 modo
1431 674 1485 700 ea
1507 674 1648 701 cura-

333 739 377 771 te
401 726 680 770 excussisset
699 756 708 767 .
738 727 988 766 Herodoto
1014 724 1139 766 citra
1160 724 1354 766 dubium
1379 724 1650 768 abiudicas-

329 806 414 838 set.
459 792 809 848 Conpeudiario
845 790 1126 845 scriptionis
1162 793 1331 838 modo,
1365 790 1418 833 in
1448 790 1649 846 scriptis

331 862 574 907 codicibus
606 875 702 902 non
736 875 882 914 parce
912 858 1042 900 obvio
1063 889 1076 906 ,
1108 868 1192 905 ΗΡ,
1225 867 1345 904 HPO,
1377 867 1519 901 ΗΡΟΔ.
1562 873 1648 901 no-

332 938 434 971 tare
452 929 729 968 Herodotum
743 957 754 978 ⁷
775 928 1082 976 Herodorum,
1101 923 1435 978 Herodianum,
1457 932 1648 979 queunt.

330 997 447 1037 Inde
464 1008 602 1035 error
617 1000 662 1034 et
679 983 898 1048 confusio
910 1010 922 1031 :
943 990 1052 1031 hinc
1067 990 1249 1032 iactata
1267 990 1408 1033 toties
1425 992 1647 1033 Herodoti

314 1061 618 1121 fragmenta,
636 1074 770 1100 verae
789 1058 1012 1098 Herodori
1033 1065 1118 1098 aut
1140 1057 1390 1099 Herodiani
1416 1056 1646 1107 laciniae,-

329 1125 714 1182 quemadmodum
744 1122 793 1163 in
820 1121 1173 1164 Dissertatione
1197 1124 1477 1165 Herodotea
1505 1122 1648 1178 liqui-

329 1191 546 1238 dissime,
584 1198 637 1232 ut
657 1189 833 1244 opinor
848 1219 859 1234 ‚
880 1187 1115 1247 patefeci:
1145 1197 1334 1242 questus
1356 1187 1525 1231 ibidem
1540 1205 1647 1231 sum

330 1261 384 1300 de
413 1255 680 1300 doctissimi
712 1259 799 1297 Des
827 1256 1040 1311 Vignolcs
1060 1255 1112 1308 v)
1143 1253 1427 1310 inprudente
1455 1257 1642 1299 decreto

328 1340 470 1379 super
485 1321 684 1365 interitu
701 1320 1094 1380 Assyriacorum,
1121 1324 1176 1364 de
1200 1321 1369 1376 quibus
1401 1323 1638 1364 hactenus.

384 1456 535 1493 HAEC
573 1454 627 1492 de
657 1450 899 1493 Herodoti
936 1449 1055 1492 Vita
1090 1449 1384 1505 Scriptisque
1416 1455 1642 1493 WEssz-

331 1535 384 1561 LI
402 1534 427 1559 N
446 1534 470 1558 o
489 1535 501 1558 1
521 1532 593 1558 us.
651 1520 775 1558 Idem
809 1525 1116 1573 argumentum
1156 1519 1328 1558 erudite
1367 1518 1639 1572 copioseque

328 1586 666 1628 Larclzerus
703 1585 837 1625 etiam
879 1586 927 1624 in
963 1587 1148 1626 introitu
1189 1586 1387 1627 Gallicae
1421 1586 1642 1627 versionis

328 1652 623 1706 pertractavit.
665 1654 730 1691 De
761 1653 969 1693 universo
1004 1668 1113 1694 vero
1143 1656 1304 1694 harum
1337 1651 1640 1694 Historiarum

328 1719 553 1771 instituto,
584 1725 624 1758 et
655 1719 708 1757 de
739 1718 933 1758 mirabili
955 1726 1045 1758 arte
1075 1734 1163 1772 qua
1191 1721 1306 1760 illud
1329 1727 1557 1760 exsecutus
1578 1725 1642 1759 est

328 1785 612 1827 suavissimus
638 1785 859 1838 Scriptor‚
893 1786 939 1824 in
971 1786 1129 1838 primis
1161 1788 1250 1841 legi
1282 1794 1475 1827 meretur
1505 1799 1640 1838 supra

329 1854 533 1895 laudatus
570 1850 859 1893 Creuzeri
888 1852 1028 1892 nostri
1057 1853 1174 1893 liber
1205 1853 1284 1905 qui
1318 1855 1373 1893 de
1405 1850 1639 1894 Historia

329 1920 450 1961 Arte
482 1920 769 1958 Graecorum
796 1917 1065 1959 inscribitur.
1087 1920 1136 1971 κ·)

385 2023 441 2075 u)
471 2025 668 2061 Bouherius
683 2024 847 2061 Dissert.
865 2025 1052 2062 Herod.c.
1068 2040 1094 2062 1.
1118 2026 1335 2063 Colomesius
1357 2025 1475 2073 Oper.
1491 2038 1529 2072 p.
1544 2024 1638 2061 325.

327 2084 506 2119 Berkelius
538 2080 581 2115 in
611 2080 735 2128 steph.
758 2081 847 2131 Byz.
873 2094 955 2117 voc.
981 2078 1148 2118 Ἀνὲκνίκ.
1215 2080 1264 2126 v)
1291 2081 1533 2130 Chronolog.
1561 2079 1636 2116 lib.

325 2139 398 2174 IV.
424 2146 465 2180 l..
488 2137 526 2171 6.
547 2141 619 2172 etc.
690 2133 737 2182 ξ’)
769 2136 1027 2172 consuluisse
1058 2137 1179 2172 etiam
1207 2136 1366 2172 iuvabit
1392 2136 1491 2172 duas
1519 2136 1637 2172 Com-

326 2192 615 2233 mentationes‚
644 2197 806 2226 auctore
832 2194 1112 2237 Meierotto‚
1136 2196 1204 2228 sar
1232 2193 1422 2228 He'rodote
1450 2198 1485 2228 et
1513 2193 1546 2228 le
1573 2190 1636 2226 but

327 2250 370 2285 de
390 2262 458 2284 son
489 2248 677 2289 Histoire,
706 2246 817 2282 Actis
845 2247 968 2283 Acad.
1002 2248 1093 2296 Reg.
1125 2248 1301 2284 Berolin.
1331 2260 1429 2286 ann.
1455 2259 1570 2298 1792.
1597 2250 1638 2282 et

333 2304 448 2353 1793·
473 2317 508 2351 p.
534 2302 606 2347 57],
628 2313 734 2349 seqq.
761 2308 800 2337 ct
819 2315 854 2349 p.
881 2303 955 2352 ὂψ)
977 2314 1083 2351 seqq.
1102 2303 1284 2340 insertas.
