1732 2951
317 199 382 266 78
530 195 943 252 VARIETAS
981 198 1425 250 LECTIoms

314 314 461 357 habet.
482 312 652 355 Wtss.
680 336 736 344 —
763 314 901 354 Abest
921 312 1044 355 artic.
1072 312 1206 354 etiam
1227 313 1318 355 Pa.
1340 320 1383 356 et
1400 315 1452 356 F.
1520 316 1552 355 I.
1576 318 1644 359 33.

315 373 353 412 οὐ
376 374 440 411 τοῦ
456 370 569 424 θεοῦ)
593 372 672 418 οὐχὶ
694 383 778 422 pro
801 371 841 410 ου’
856 371 1022 410 habent
1041 369 1126 409 Pb.
1141 376 1183 410 et
1201 370 1291 411 Pd.
1311 372 1366 411 de
1387 385 1479 423 quo
1501 386 1645 424 quum

314 426 561 467 monuisset
589 425 804 466 Lar-cher
832 425 882 465 in
910 425 1038 467 Notis
1067 427 1126 465 ad
1169 440 1304 467 suum
1339 427 1642 482 Herodotum,

314 484 386 524 οὐκὶ
406 483 450 521 h.
472 482 502 521 1.
522 480 673 536 posuit
694 477 876 538 Schaef

373 537 521 580 CAP.
542 536 704 579 XCII.
746 535 857 579 Lin.
883 552 918 577 ι.
952 542 996 578 et
1019 552 1138 590 seqq.
1166 540 1294 588 Κροίσῳ
1320 536 1353 578 δὲ
1375 537 1492 593 etc.)
1522 540 1646 579 Haec

315 591 626 634 desiderantur
662 592 712 632 in
749 590 896 633 Vind.
929 601 972 633 et
1003 593 1150 632 Arelz.
1182 606 1326 645 usque
1357 595 1416 632 ad
1451 608 1546 647 cap.
1578 598 1647 647 93.

313 648 475 689 less.
504 673 560 680 —
600 647 918 690 Desiderantur
953 650 1108 689 eadem
1138 648 1188 688 in
1217 648 1305 690 Pb.
1336 656 1379 689 et
1402 649 1494 690 Pd.
1524 656 1567 690 et
1594 650 1644 690 in

321 705 376 746 V
372 706 496 745 allae
518 703 725 745 versione
747 706 827 745 lat.
894 706 925 744 l.
952 711 988 748 5.
1016 706 1172 755 Προνηίης
1199 707 1261 750 τῆς
1288 707 1516 758 praeclare
1539 705 1648 746 Ask.

314 767 359 801 et
381 761 507 802 Med.
531 762 681 815 Vulgo
706 762 868 811 προνκῗοις
886 766 986 801 τοῖσι.
1007 761 1122 802 WES
1136 774 1172 800 S·
1200 782 1254 790 -—
1285 763 1444 812 προνκίοις
1463 768 1531 806 τοῖς
1558 761 1647 802 PC·

311 818 393 857 sed
412 830 515 856 cum
537 817 660 858 Med.
682 816 967 857 consentiunt
987 817 1043 856 F.
1066 823 1108 857 et
1134 816 1219 855 Pa.
1277 816 1307 854 l.
1329 830 1368 867 7.
1383 820 1449 856 τῶν
1467 817 1651 863 οἱνοιθημοί-

313 870 409 925 των)
443 874 593 928 Vulgo
622 872 681 912 τοὶ
704 875 769 912 τῶν
794 874 942 916 οὲναθημ..
961 873 1064 912 edd.
1086 878 1128 912 et
1147 884 1246 910 mss.
1292 873 1380 912 Sed
1405 873 1648 914 articulum

313 926 577 980 importune
605 927 849 980 repetitum
886 926 1045 980 utique
1076 927 1324 968 delendum
1357 928 1511 968 censui
1542 942 1648 969 cum

312 981 496 1042 Schaef]
528 986 731 1024 Fortasse
751 996 860 1023 vero
887 982 971 1023 tria
995 982 1133 1023 etiam
1152 983 1292 1023 verba
1315 984 1363 1023 τοὶ
1381 986 1447 1023 τῶν
1467 985 1564 1024 α’νκθ.
1589 999 1645 1025 ex

311 1041 462 1093 glossa
484 1039 532 1079 in
556 1046 817 1080 contextum
837 1038 1127 1092 irrepserunt.
1188 1041 1221 1079 l.
1244 1039 1283 1077 8.
1309 1041 1410 1089 τῇσι
1438 1039 1646 1094 Μιλησίων)

312 1098 368 1138 τῆ
378 1114 392 1141 ς
426 1100 601 1139 Μιλησίων
625 1097 805 1136 malles:
836 1099 922 1135 τοῖσι
957 1098 1255 1148 proposuerat
1285 1090 1535 1134 Reiskius:
1563 1098 1644 1136 sed

312 1151 550 1206 vulgatum
570 1157 827 1192 constanter
851 1157 1003 1190 tenent
1030 1151 1137 1190 libri
1163 1162 1333 1189 omnes.
1404 1150 1434 1188 l.
1460 1164 1500 1203 9.
1535 1152 1642 1196 ὁμοῖοι

311 1206 470 1260 scripsi
494 1220 597 1246 cum
616 1207 668 1246 F.
688 1206 776 1247 Pa.
794 1207 882 1248 Pe.
902 1213 945 1246 et
964 1207 1033 1246 ed.
1046 1202 1229 1260 Schazff.
1251 1204 1345 1244 Alii
1365 1206 1502 1259 vulgo
1523 1205 1641 1250 ὅμοιοι.

312 1263 344 1301 l.
374 1276 436 1312 14.
459 1263 725 1308 ἀντιστασιώτης
746 1262 871 1303 Med.
886 1262 1001 1303 Aska
1025 1262 1156 1303 Rem.
1172 1259 1335 1302 Paris.
1355 1259 1469 1313 [Pa.
1490 1262 1576 1302 Pe.
1599 1268 1643 1302 et

312 1315 397 1370 F]
421 1317 692 1364 οἶντιστοισιῶτας
715 1319 869 1373 vulgo.
937 1320 967 1357 l.
996 1331 1061 1358 2ο.
1092 1321 1145 1357 ἐπὶ
1166 1316 1328 1370 κνάφου)
1355 1316 1428 1356 Sic
1444 1317 1643 1359 Lexicon

312 1374 643 1414 Herodoteum.
676 1372 931 1414 Plutarch.
959 1376 1014 1414 de
1033 1372 1225 1428 Malign.
1253 1386 1299 1425 p.
1318 1375 1412 1414 858.
1439 1376 1496 1412 ἐπὶ
1513 1373 1643 1421 roboan,

311 1441 460 1470 nunc:
488 1442 598 1468 nam
617 1429 770 1469 Aldus
801 1432 855 1470 ἐπὶ
881 1429 990 1477 νοέφου
1011 1436 1054 1469 et
1072 1427 1379 1469 Basileenses.
1418 1427 1539 1469 Editi
1559 1447 1644 1473 γνα-

313 1486 411 1533 φκΐου
430 1512 442 1530 ,
481 1485 613 1525 male.
645 1487 803 1526 Wsss.
843 1508 899 1516 —-
943 1485 1129 1525 Primus
1157 1485 1291 1529 κνάφου
1321 1483 1464 1524 edidit
1497 1483 1642 1525 Wess.

312 1542 429 1582 Ante
449 1554 556 1580 eum
583 1553 741 1582 omnes
762 1541 947 1588 κνοιφκῗου,
973 1538 1098 1592 (non
1113 1537 1311 1593 γναφηΐου)
1329 1539 1377 1579 in
1393 1542 1517 1592 quod
1534 1553 1643 1580 con-

311 1596 512 1638 sentiunt
540 1610 640 1637 mss.
672 1610 776 1637 cum
809 1596 964 1648 editis;
996 1597 1138 1650 idque
1167 1595 1369 1635 defendit
1403 1597 1561 1637 Reisk.
1583 1597 1642 1636 ad

310 1654 446 1696 Plut.
471 1654 501 1693 l.
518 1667 555 1692 c.
585 1652 845 1708 intelligens
869 1655 1135 1702 μηχανήματος.
1159 1652 1296 1705 Apud
1317 1652 1451 1693 Plul.
1479 1656 1533 1693 ἐπὶ
1556 1651 1642 1698 γνοί-

312 1721 378 1758 φου
395 1722 448 1749 ex
464 1710 562 1749 cod.
584 1722 664 1749 ms.
685 1708 828 1749 edidit
854 1708 1093 1765 Wyccenb.

369 1763 519 1807 CAP.
548 1764 750 1806 XCIII.
776 1762 887 1806 Lin.
920 1779 955 1804 ι.
985 1765 1200 1813 &aivum-oe)
1233 1762 1424 1810 Θωύιμοιτσι
1446 1763 1570 1806 Med.
1594 1767 1640 1802 et

249 1862 253 1869 ,
312 1821 425 1862 Ask.
455 1820 606 1860 Aldus
633 1835 829 1873 eumque
856 1820 997 1860 secuti
1015 1820 1161 1866 θώϋμοι.
1186 1821 1345 1860 Wssss.
1373 1843 1424 1852 --
1458 1819 1639 1865 θῶυμοιτοι

312 1878 481 1929 absque
505 1876 683 1929 punctis
704 1876 975 1920 diaereticis‚
1002 1883 1051 1916 ut
1072 1889 1154 1916 nos
1171 1874 1416 1928 edidimus,
1446 1875 1511 1916 sie
1530 1875 1639 1915 scri-

312 1934 428 1973 bunt
451 1933 542 1973 Pa.
565 1933 651 1973 Pe.
674 1932 765 1974 Pd.
797 1932 927 1977 θῶυμοι
953 1932 1039 1974 Ph.
1071 1932 1266 1977 θώματος
1292 1932 1349 1972 F.
1379 1945 1470 1970 non
1504 1932 1638 1972 male.

312 1990 343 2029 l.
372 2001 413 2030 2.
434 1987 570 2040 ποέρεξ)
591 1988 663 2028 Sic
686 2002 786 2029 mss.
804 1994 847 2028 et
859 1989 960 2028 edd.
978 1993 1083 2027 vett.
1103 2000 1346 2039 rursusque
1369 1989 1437 2027 ed.
1454 1985 1637 2045 Schaes.

312 2046 419 2096 παρὲξ
444 2044 513 2083 ed.
541 2044 685 2085 Wess.
703 2042 834 2086 Reiz.
859 2050 902 2084 et
926 2044 1089 2084 Borh..
1158 2044 1187 2083 l.
1218 2047 1254 2086 3.
1277 2043 1340 2083 “Er
1367 2042 1398 2083 δὲ
1427 2043 1519 2094 ἔργον
1548 2052 1635 2083 ele.

313 2100 635 2154 Desiderantur
656 2103 765 2140 haec
784 2114 925 2151 usque
945 2101 1001 2139 ad
1021 2114 1116 2152 cap.
1133 2111 1199 2151 94,
1224 2100 1254 2138 l.
1274 2111 1311 2138 2.
1331 2098 1379 2138 in
1397 2100 1526 2139 codd.
1545 2098 1632 2140 Pb.

312 2163 355 2195 et
371 2156 461 2196 Pd.
481 2155 681 2207 itemque
696 2158 818 2209 apud
845 2155 897 2197 V
893 2156 1063 2196 allam:
1090 2162 1200 2208 puto
1228 2154 1471 2196 desiderari
1498 2154 1634 2194 etiam

311 2211 360 2252 in
378 2213 507 2251 codd.
534 2209 681 2253 Vind.
698 2220 741 2253 et
763 2211 906 2252 Arc-h.
931 2211 1036 2252 licet
1066 2213 1121 2252 de
1139 2210 1208 2251 his
1225 2211 1291 2250 nil
1312 2210 1537 2251 monitum
1563 2224 1633 2250 re-

312 2267 504 2322 periam·
561 2268 589 2306 l·
617 2271 654 2308 5.
685 2269 758 2309 ἔστι
777 2267 918 2321 αὐτόθι)
937 2267 1029 2308 ἔστιν
1043 2269 1123 2308 αὐτ.
1151 2267 1269 2307 Med-
1284 2273 1328 2306 et
1342 2267 1450 2307 ΑΜ.
1480 2267 1630 2320 Vulgo

313 2343 328 2364 ν
347 2322 482 2363 finale
507 2324 647 2376 deest,
680 2338 762 2364 nee
787 2324 903 2363 male
924 2323 972 2362 in
993 2326 1080 2364 hoc
1107 2322 1336 2375 scriptore.
1366 2321 1480 2362 citat
1498 2321 1633 2362 Stra-

313 2376 372 2420 bo
403 2380 530 2420 XIII:
558 2393 602 2431 p.
630 2383 722 2430 930.
742 2380 897 2420 W'Ess.
927 2401 981 2410 --
1020 2379 1110 2420 ἔστιν
1141 2378 1342 2431 agnoscit
1363 2379 1407 2417 h.
1437 2378 1466 2416 l.
1497 2378 1631 2424 etiam

312 2436 411 2475 cod.
432 2436 489 2475 F.
505 2436 584 2476 sed
600 2435 676 2476 ἔστι
710 2436 971 2474 Herodoteo
998 2447 1123 2475 more
1149 2435 1238 2475 Pa.
1255 2434 1340 2474 Pe.
1379 2431 1632 2474 Strabonis

313 2490 439 2532 locus
460 2498 523 2533 est
547 2505 592 2544 p.
609 2494 703 2543 627.
729 2491 799 2531 ed.
815 2492 999 2530 Casaub.
1057 2490 1085 2528 l.
1117 2503 1156 2540 7.
1186 2487 1449 2542 ἐξειργάσαντο)
1478 2490 1632 2541 ἔξεργσίσ.
