1732 2951
506 186 1084 236 PRAEFATIO.
1322 204 1460 239 ment

150 299 349 345 Athenis
373 299 559 358 Olymp.
590 314 828 341 LXXXIII.
859 313 984 340 anno
1015 295 1159 339 tertio
1190 295 1463 349 institutae,-

149 384 287 422 quam
334 367 651 425 Thucydidem
692 367 965 406 auscultare
992 362 1240 419 potuisse,
1281 373 1462 406 certum

149 432 331 488 quidem
364 443 462 479 est,
490 435 573 474 sed
601 431 696 473 iam
733 430 871 473 virili
908 439 1087 479 aetate,
1121 445 1218 472 non
1242 446 1463 485 puerum.

148 497 351 540 Erudile
378 499 466 539 hoc
496 501 552 538 H.
576 499 836 538 Dodwellus
862 506 1130 544 exsecutus,
1152 496 1200 551 d)
1229 497 1463 550 adproba-

149 564 221 606 vit
249 568 327 604 Ed.
357 565 569 615 Corsino,
597 563 649 616 e)
684 561 778 604 sibi
807 571 960 604 tamen
991 578 1087 605 non
1122 561 1389 611 constanti,
1417 570 1463 604 et

148 633 338 673 eandem
361 632 725 685 praelectionem
757 631 808 671 in
837 630 1025 687 Olymp.
1048 644 1279 671 LXXXIV.
1309 627 1464 672 conii-

147 697 307 740 cienti.
338 698 560 738 Lucianus
578 696 842 748 etPlinius,
871 712 1073 750 quorum
1097 694 1390 738 auctoritate
1410 695 1462 737 in

147 764 257 806 illas
274 772 436 818 partes
455 761 601 810 abiit,
621 761 750 804 nihil
769 762 944 804 iuvant.
992 765 1064 804 De
1085 762 1255 817 priore
1279 761 1461 804 dictum

149 846 295 886 supra
334 838 433 880 est‚·
484 831 539 871 de
578 830 728 870 Plinio
775 828 1004 886 deinceps.
1075 829 1170 872 Ubi
1204 845 1315 871 vero
1347 837 1462 884 post

149 895 475 955 Olympiadem
497 912 707 943 LXXXh,
727 904 772 937 et
789 911 880 950 qua
898 896 1124 938 Graeciae
1143 896 1194 937 in
1216 897 1330 938 urbe
1351 911 1461 939 con-

145 971 357 1005 moratus
371 961 558 1021 suerit,
587 978 650 1004 an
671 979 868 1021 peregre
898 966 1050 1006 denuo
1083 963 1278 1011 abierit,
1306 963 1462 1005 dicere

143 1045 240 1073 non
269 1031 427 1071 habeo.
473 1030 666 1072 Auctor
689 1031 777 1071 Dio
804 1033 1148 1085 Chrysostomus
1173 1039 1270 1078 est,
1293 1031 1337 1085 f)
1367 1032 1459 1074 Co·-

142 1096 357 1139 rinthum
379 1095 579 1145 venisse,
597 1095 803 1152 scriptas
823 1114 852 1138 a
876 1114 924 1139 se
944 1096 1203 1140 Ili-storias·
1219 1096 1459 1146 attulisse,

135 1166 317 1223 grande
350 1171 639 1218 exspectasse
658 1164 930 1218 praemium
971 1163 1028 1206 ob
1056 1165 1305 1219 adspersas
1341 1166 1458 1207 bello

140 1228 338 1272 Persico
371 1228 627 1270 Adimanti
657 1237 703 1270 et
731 1228 1102 1272 Corinthiorum
1135 1231 1325 1271 laudes.-
1339 1228 1458 1288 sru-
1520 1264 1523 1266 ,

139 1303 344 1337 stratum
361 1311 413 1336 ea
429 1311 530 1349 spe,
547 1294 758 1337 delevisse
764 1298 934 1350 plura,
947 1305 993 1337 et
1011 1295 1220 1338 civitatis
1233 1295 1457 1350 ducisque

132 1357 343 1418 gloriam
373 1357 664 1401 inminutum
698 1359 844 1402 ivisse.
905 1363 1060 1415 Quae,
1086 1361 1176 1404 etsi
1204 1360 1254 1403 in
1279 1361 1457 1405 Corin-

140 1423 352 1466 thiorum
379 1423 689 1467 etAdimanti
710 1426 845 1467 rebus
869 1425 1121 1468 laudandis
1138 1424 1258 1468 mire
1273 1442 1456 1481 parcus

123 1489 308 1549 fuerit,
334 1490 386 1545 g)
426 1490 789 1534 criminationes
823 1492 1047 1535 videntur
1078 1493 1324 1535 hominum
1357 1494 1457 1537 aevi

137 1557 350 1600 serioris.
398 1557 591 1601 Certius
626 1558 1227 1607 habetursAthenis-suos
1258 1577 1362 1602 eum
1396 1561 1454 1603 li-

140 1626 249 1667 bros
285 1623 448 1683 legisse
475 1625 523 1665 in
554 1626 766 1679 consilio,
809 1624 884 1667 uti
913 1627 1225 1682 Hieronymus
1258 1628 1454 1677 scribit,

139 1699 181 1732 et
206 1693 475 1732 honoratum
502 1691 664 1745 fuisse,
698 1690 977 1747 idquejesto
1002 1694 1452 1736 Panathenaeoru'm

137 1756 213 1799 die
234 1757 352 1799 anni
373 1757 507 1799 tertii
529 1757 830 1816 Olympiadis
850 1775 1112 1808 Lxxxfll„
1132 1775 1250 1814 quae
1268 1763 1452 1821 elegans

139 1826 206 1866 ill.
232 1825 443 1882 Scaligeri
464 1824 522 1879 h)
551 1823 788 1867 doctrina.

191 1957 285 1998 Sub
314 1955 434 1999 idem
475 1965 655 2012 tempus
692 1958 897 2000 Athenis
925 1957 1118 2001 colonia
1147 1958 1197 2001 in
1223 1962 1454 2019 Magnam

138 2022 384 2066 Graeciam
413 2026 613 2066 deducta
640 2023 846 2067 Thurios
857 2024 992 2083 suit,
1011 2026 1061 2080 i)·
1077 2025 1158 2067 cui
1174 2036 1341 2081 sponte
1362 2044 1452 2069 sua

137 2089 353 2132 comitem
380 2107 428 2135 se
452 2091 732 2134 Herodotus
760 2090 979 2140 addidit,
1007 2094 1145 2146 Θούριος
1172 2109 1226 2135 ea
1248 2101 1453 2149 propter
1494 2101 1501 2106 “

195 2233 245 2284 d)
278 2236 475 2285 Apparat.
513 2238 562 2274 ad
592 2238 779 2275 Annales
806 2237 1027 2286 Thucydid.
1060 2252 1100 2288 p.
1128 2239 1194 2277 23.
1261 2235 1314 2291 e)
1352 2242 1452 2279 Fast.

142 2291 268 2329 Attic.
288 2294 331 2330 T.
349 2293 414 2329 111.
441 2306 480 2341 p.
503 2293 594 2330 203.
613 2299 652 2330 et
671 2307 709 2342 p.
732 2293 824 2330 213.
884 2294 925 2341 s)
956 2294 1069 2332 Orat.
1089 2294 1276 2332 Corinth.
1299 2308 1338 2344 p.
1357 2296 1450 2340 456.

140 2344 194 2395 g)
232 2346 329 2383 vid.
361 2347 410 2384 ad
447 2348 536 2385 Lib.
563 2350 670 2386 VIII.
703 2348 767 2386 33.
796 2345 945 2400 [immo
963 2349 1012 2385 ad
1032 2351 1136 2388 VIII.
1155 2346 1239 2400 94]
1304 2349 1355 2398 h)
1386 2351 1449 2387 Ad

141 2402 281 2440 Eusebia·
312 2403 502 2441 Chronic.
535 2416 625 2454 pag.
660 2413 748 2450 104.
816 2402 850 2453 i)
879 2406 1065 2444 Diodorus
1083 2407 1192 2443 Sicut.
1214 2405 1289 2442 lib.
1308 2407 1394 2443 XII.
1414 2418 1450 2453 7.

139 2462 179 2494 et
197 2470 256 2496 10.
